Date,Narration,Voucher Type,Debit,Credit,Amount,Bank Ledger,Contra Ledger,Balance,Reference
01-04-2025,IMPS-509113708718-PHONEPEPRIVATELIMI-UTI,Receipt,,990.00,990.00,H D F C Bank Jhabua 50200060244460,Phone Pyee,189371.48,0000509113708718
02-04-2025,B-XXXXXXXXXXX8715-F09M22566A6JALZHREDE TION,Receipt,,325.00,325.00,H D F C Bank Jhabua 50200060244460,A,189696.48,MP
02-04-2025,NEFTCR-UTIB0001506-PHONEPEPRIVATELIMI TED-PAYMENTAGGREGATOR ESCROW-VIRENDRAK UMARRATANLAL GANDHI-UTIBN62025040244855,Receipt,,100000.00,100000.00,H D F C Bank Jhabua 50200060244460,Phone Pyee,289696.48,UTIBN62025040244855200
03-04-2025,IMPS-509214230091-SATISHBHAIVALLABHBH-G SCB-XXXXXXXXXXXXX0666-1234,Receipt,,660.00,660.00,H D F C Bank Jhabua 50200060244460,A,290356.48,0000509214230091
03-04-2025,NEFTCR-UTIB0001506-PHONEPEPRIVATELIMI TED-PAYMENTAGGREGATOR ESCROW-VIRENDRAK UMARRATANLAL GANDHI-UTIBN62025040356360,Receipt,,19400.00,19400.00,H D F C Bank Jhabua 50200060244460,Phone Pyee,309756.48,UTIBN62025040356360365
03-04-2025,CHQDEP-MICR8CLEARING-ALIRAJPUR:A DHIKSHAKBALAKAASHRAMIBADA:STATE BANK OFINDIA,Receipt,,37225.00,37225.00,H D F C Bank Jhabua 50200060244460,A,346981.48,0000000000658169
03-04-2025,CHQDEP-MICR8CLEARING-ALIRAJPUR:A DHIKSHIKAGOVTADIWASIKANYASENIORCH :S TATEBANKOFINDIA,Receipt,,15335.00,15335.00,H D F C Bank Jhabua 50200060244460,Govt. Adiwasi Kanya School,362316.48,0000000000824312
03-04-2025,CHQDEP-MICR8CLEARING-ALIRAJPUR:A DHIKSHAKGOVTADIWASIBALAKSENIORCHB :ST ATEBANKOFINDIA,Receipt,,18500.00,18500.00,H D F C Bank Jhabua 50200060244460,A,380816.48,0000000000697732
03-04-2025,TEBANKOFINDIA,Receipt,,8200.00,8200.00,H D F C Bank Jhabua 50200060244460,A,389016.48,0000000000697731
04-04-2025,CHQDEP-MICR8CLEARING-ALIRAJPUR:A DHIKSHAKGOVTADIWASIBALAKSENIORCHB :S TATEBANKOFINDIA,Receipt,,50340.00,50340.00,H D F C Bank Jhabua 50200060244460,A,439356.48,UTIBN62025040468168567
04-04-2025,NEFTCR-UTIB0001506-PHONEPEPRIVATELIMI TED-PAYMENTAGGREGATOR ESCROW-VIRENDRAK UMARRATANLAL GANDHI-UTIBN62025040468168,Payment,30000.00,,30000.00,H D F C Bank Jhabua 50200060244460,A,409356.48,HDFCN52025040457320549
04-04-2025,"NEFTDR-CBIN0MPDCAQ-MANDISHULK KHATA-NE TBANK,MUM-HDFCN52025040457320549-BILL",Payment,10000.00,,10000.00,H D F C Bank Jhabua 50200060244460,A,399356.48,HDFCN52025040457326972
05-04-2025,"NEFTDR-CBIN0MPDCAQ-NIRASHRITSHULK KHAT A-NETBANK,MUM-HDFCN52025040457326972-NI RAAHRIT",Receipt,,2939.20,2939.20,H D F C Bank Jhabua 50200060244460,A,402295.68,UTIBN62025040580668193
06-04-2025,NEFTCR-UTIB0001506-PHONEPEPRIVATELIMI TED-PAYMENTAGGREGATOR ESCROW-VIRENDRAK UMARRATANLAL GANDHI-UTIBN62025040580668,Receipt,,8546.00,8546.00,H D F C Bank Jhabua 50200060244460,Phone Pyee,410841.68,UTIBN62025040691815056
07-04-2025,NEFTCR-UTIB0001506-PHONEPEPRIVATELIMI TED-PAYMENTAGGREGATOR ESCROW-VIRENDRAK UMARRATANLAL GANDHI-UTIBN62025040691815,Receipt,,1165.00,1165.00,H D F C Bank Jhabua 50200060244460,Phone Pyee,412006.68,UTIBN62025040701306498
07-04-2025,EMI801020320CHQS80102032000210425801,Payment,54498.00,,54498.00,H D F C Bank Jhabua 50200060244460,A,357508.68,000000000000000
08-04-2025,020320,Receipt,,2350.00,2350.00,H D F C Bank Jhabua 50200060244460,A,359858.68,UTIBN62025040813336589
08-04-2025,NEFTCR-UTIB0001506-PHONEPEPRIVATELIMI TED-PAYMENTAGGREGATOR ESCROW-VIRENDRAK UMARRATANLAL GANDHI-UTIBN62025040813336 50200016930119-TPT-BILL-GURUJITRADINGC OMPANY,Payment,7080.00,,7080.00,H D F C Bank Jhabua 50200060244460,Guruji Trading Comp.Jobat,352778.68,0000000206616596
09-04-2025,NEFTCR-UTIB0001506-PHONEPEPRIVATELIMI TED-PAYMENTAGGREGATOR ESCROW-VIRENDRAK UMARRATANLAL GANDHI-UTIBN62025040925945,Receipt,,975.00,975.00,H D F C Bank Jhabua 50200060244460,Phone Pyee,353753.68,UTIBN62025040925945229
10-04-2025,NEFTCR-UTIB0001506-PHONEPEPRIVATELIMI TED-PAYMENTAGGREGATOR ESCROW-VIRENDRAK UMARRATANLAL GANDHI-UTIBN62025041038338,Receipt,,52070.00,52070.00,H D F C Bank Jhabua 50200060244460,Phone Pyee,405823.68,UTIBN62025041038338884
10-04-2025,IMPS-510019865189-RAPIPAYFINTECHPRIVAT E LIMITED-YESB-XXXXXXXXXXX0050-500000690 12704STLMNT,Receipt,,1.00,1.00,H D F C Bank Jhabua 50200060244460,A,405824.68,0000510019865189
10-04-2025,IMPS-510019879767-RAPIPAYFINTECHPVTLT D-AIRP-XXXXXX1825-IMPSTRANSACTION,Receipt,,5000.00,5000.00,H D F C Bank Jhabua 50200060244460,A,410824.68,0000510019879767
10-04-2025,IMPS-510019881322-RAPIPAYFINTECHPVTLT D-AIRP-XXXXXX1825-IMPSTRANSACTION,Receipt,,5000.00,5000.00,H D F C Bank Jhabua 50200060244460,A,415824.68,0000510019881322
10-04-2025,IMPS-510019881673-RAPIPAYFINTECHPVTLT D-AIRP-XXXXXX1825-IMPSTRANSACTION,Receipt,,5000.00,5000.00,H D F C Bank Jhabua 50200060244460,A,420824.68,0000510019881673
10-04-2025,IMPS-510019880198-RAPIPAYFINTECHPVTLT D-AIRP-XXXXXX1825-IMPSTRANSACTION,Receipt,,5000.00,5000.00,H D F C Bank Jhabua 50200060244460,A,425824.68,0000510019880198
10-04-2025,IMPS-510019882714-RAPIPAYFINTECHPVTLT,Receipt,,5000.00,5000.00,H D F C Bank Jhabua 50200060244460,A,430824.68,0000510019882714
10-04-2025,D-AIRP-XXXXXX1825-IMPSTRANSACTION,Receipt,,5000.00,5000.00,H D F C Bank Jhabua 50200060244460,A,435824.68,0000510019029608
10-04-2025,IMPS-510019029608-FINOPAYMENTSBANK 919726832070IN-FINO-XXXXXXX1993-IMPS TXN,Receipt,,5000.00,5000.00,H D F C Bank Jhabua 50200060244460,A,440824.68,0000510019029867
10-04-2025,IMPS-510019029867-FINOPAYMENTSBANK 919726832070IN-FINO-XXXXXXX1993-IMPS TXN,Receipt,,5000.00,5000.00,H D F C Bank Jhabua 50200060244460,A,445824.68,0000510019032465
10-04-2025,IMPS-510019032465-MANGILAL-FINO-XXXXXXX1 993-IMPSTXN,Receipt,,5000.00,5000.00,H D F C Bank Jhabua 50200060244460,Mangilal Ji,450824.68,0000510019032699
11-04-2025,IMPS-510019032699-FINOPAYMENTSBANK 919726832070IN-FINO-XXXXXXX1993-IMPS TXN,Receipt,,2409.00,2409.00,H D F C Bank Jhabua 50200060244460,A,453233.68,UTIBN62025041149863515
11-04-2025,NEFTCR-UTIB0001506-PHONEPEPRIVATELIMI TED-PAYMENTAGGREGATOR ESCROW-VIRENDRAK UMARRATANLAL GANDHI-UTIBN62025041149863,Receipt,,35225.00,35225.00,H D F C Bank Jhabua 50200060244460,Phone Pyee,488458.68,0000000000824315
11-04-2025,CHQDEP-MICR-15-JHABUA:ADHIKSHIKA GOVTADIWASIKANYASENIORCH:STATE BAN KOFINDIA,Receipt,,34500.00,34500.00,H D F C Bank Jhabua 50200060244460,Adhikshak Govt. Adiwasi,522958.68,0000000000824316
11-04-2025,CHQDEP-MICR-15-JHABUA:ADHIKSHIKA GOVTADIWASIKANYASENIORCH:STATE BAN KOFINDIA,Receipt,,635800.00,635800.00,H D F C Bank Jhabua 50200060244460,Adhikshak Govt. Adiwasi,1158758.68,ICICR42025041100533434
11-04-2025,RTGSCR-ICIC0000011-GORDHANDASSOBHAG M AL-VIRENDRARATANLAL-ICICR42025041100533 434 SELF-CHQPAID-JOBAT,Contra,600000.00,,600000.00,H D F C Bank Jhabua 50200060244460,Cash,558758.68,0000000000000143
12-04-2025,UPI-PHONEPE-PHONEPE.PAYOUTS@AXISBANK-U B0001506-859326181025-F09M22566A6JALZHR,Receipt,,70.00,70.00,H D F C Bank Jhabua 50200060244460,Phone Pyee,558828.68,TI 0000859326181025
13-04-2025,NEFTCR-UTIB0001506-PHONEPEPRIVATELIMI,Receipt,,320.00,320.00,H D F C Bank Jhabua 50200060244460,Phone Pyee,559148.68,UTIBN62025041373223103
14-04-2025,TED-PAYMENTAGGREGATOR ESCROW-VIRENDRAK UMARRATANLAL GANDHI-UTIBN62025041373223,Receipt,,2455.00,2455.00,H D F C Bank Jhabua 50200060244460,A,561603.68,UTIBN62025041483783847
15-04-2025,NEFTCR-UTIB0001506-PHONEPEPRIVATELIMI TED-PAYMENTAGGREGATOR ESCROW-VIRENDRAK UMARRATANLAL GANDHI-UTIBN62025041483783,Receipt,,29633.18,29633.18,H D F C Bank Jhabua 50200060244460,Phone Pyee,591236.86,UTIBN62025041595388932
15-04-2025,NEFTCR-UTIB0001506-PHONEPEPRIVATELIMI TED-PAYMENTAGGREGATOR ESCROW-VIRENDRAK UMARRATANLAL GANDHI-UTIBN62025041595388,Payment,500000.00,,500000.00,H D F C Bank Jhabua 50200060244460,A,91236.86,HDFCN52025041579548942
16-04-2025,"NEFTDR-BKID0009813-CHOUDHARY INTERPRISE -NETBANK,MUM-HDFCN52025041579548942-BIL L",Receipt,,340.00,340.00,H D F C Bank Jhabua 50200060244460,Choudhary Enterprises,91576.86,UTIBN62025041607280623
16-04-2025,NEFTCR-UTIB0001506-PHONEPEPRIVATELIMI TED-PAYMENTAGGREGATOR ESCROW-VIRENDRAK UMARRATANLAL GANDHI-UTIBN62025041607280,Receipt,,763740.00,763740.00,H D F C Bank Jhabua 50200060244460,Phone Pyee,855316.86,ICICR42025041600502746
17-04-2025,RTGSCR-ICIC0000011-GORDHANDASSOBHAG M AL-VIRENDRARATANLAL-ICICR42025041600502 746,Receipt,,2700.00,2700.00,H D F C Bank Jhabua 50200060244460,A,858016.86,UTIBN62025041718995372
17-04-2025,GANDHI-UTIBN62025041718995,Payment,450000.00,,450000.00,H D F C Bank Jhabua 50200060244460,A,408016.86,0000000000000073
17-04-2025,SELF-CHQPAID-JOBAT SELF-CHQPAID-JOBAT,Contra,50000.00,,50000.00,H D F C Bank Jhabua 50200060244460,Cash,358016.86,0000000000000140
18-04-2025,NEFTCR-UTIB0001506-PHONEPEPRIVATELIMI TED-PAYMENTAGGREGATOR ESCROW-VIRENDRAK UMARRATANLAL GANDHI-UTIBN62025041830502,Receipt,,93391.00,93391.00,H D F C Bank Jhabua 50200060244460,Phone Pyee,451407.86,UTIBN62025041830502814
19-04-2025,NEFTCR-UTIB0001506-PHONEPEPRIVATELIMI TED-PAYMENTAGGREGATOR ESCROW-VIRENDRAK UMARRATANLAL GANDHI-UTIBN62025041941264,Receipt,,1970.00,1970.00,H D F C Bank Jhabua 50200060244460,Phone Pyee,453377.86,UTIBN62025041941264476
19-04-2025,RTGSCR-ICIC0000011-RAJENDRAKUMARSHAIT ANMAL KOTHARI-VIRENDRAKUMARRATANLALGANDH I-ICICR42025041900502194,Receipt,,500000.00,500000.00,H D F C Bank Jhabua 50200060244460,Rajendra Kumar Shetanmal Kothari Rajghad,953377.86,ICICR42025041900502194
19-04-2025,"NEFTDR-ICIC0004061-TULSITRADERS-NETBAN K,MUM-HDFCN52025041987102412-BILL",Payment,67000.00,,67000.00,H D F C Bank Jhabua 50200060244460,A,886377.86,HDFCN52025041987102412
20-04-2025,NEFTCR-UTIB0001506-PHONEPEPRIVATELIMI TED-PAYMENTAGGREGATOR ESCROW-VIRENDRAK UMARRATANLAL GANDHI-UTIBN62025042052609 ACHD-AXISBANK-6803726152083FF1F26ACF1,Receipt,,860.00,860.00,H D F C Bank Jhabua 50200060244460,Phone Pyee,887237.86,UTIBN62025042052609793
20-04-2025,IMPS-511016323311-MANISHKOTHARIJHABUA 2-HDFC-XXXXXXXXXX8507-GSTCHALAN,Payment,35653.00,,35653.00,H D F C Bank Jhabua 50200060244460,Manish Kothari,851584.86,0000007399422519
20-04-2025,NEFTCR-UTIB0001506-PHONEPEPRIVATELIMI TED-PAYMENTAGGREGATOR ESCROW-VIRENDRAK UMARRATANLAL GANDHI-UTIBN62025042162223,Payment,110008.00,,110008.00,H D F C Bank Jhabua 50200060244460,A,741576.86,0000511016323311
21-04-2025,No Description,Receipt,,33840.00,33840.00,H D F C Bank Jhabua 50200060244460,A,775416.86,UTIBN62025042162223754
22-04-2025,NEFTCR-UTIB0001506-PHONEPEPRIVATELIMI,Receipt,,13840.00,13840.00,H D F C Bank Jhabua 50200060244460,Phone Pyee,789256.86,UTIBN62025042272673608
22-04-2025,TED-PAYMENTAGGREGATOR ESCROW-VIRENDRAK UMARRATANLAL GANDHI-UTIBN62025042272673,Payment,52340.00,,52340.00,H D F C Bank Jhabua 50200060244460,A,736916.86,HDFCN52025042290250010
23-04-2025,"NEFTDR-ICIC0004061-TULSITRADERS-NETBAN K,MUM-HDFCN52025042290250010-BILL",Receipt,,4840.00,4840.00,H D F C Bank Jhabua 50200060244460,A,741756.86,UTIBN62025042383296768
24-04-2025,NEFTCR-UTIB0001506-PHONEPEPRIVATELIMI TED-PAYMENTAGGREGATOR ESCROW-VIRENDRAK UMARRATANLAL GANDHI-UTIBN62025042383296,Receipt,,120.00,120.00,H D F C Bank Jhabua 50200060244460,Phone Pyee,741876.86,UTIBN62025042494159741
24-04-2025,NEFTCR-UTIB0001506-PHONEPEPRIVATELIMI TED-PAYMENTAGGREGATOR ESCROW-VIRENDRAK UMARRATANLAL GANDHI-UTIBN62025042494159,Receipt,,413142.00,413142.00,H D F C Bank Jhabua 50200060244460,Phone Pyee,1155018.86,ICICR42025042400518597
25-04-2025,RTGSCR-ICIC0000011-RAJENDRAKUMARSHAIT ANMAL KOTHARI-VIRENDRAKUMARRATANLALGANDH I-ICICR42025042400518597,Receipt,,3100.00,3100.00,H D F C Bank Jhabua 50200060244460,Rajendra Kumar Shetanmal Kothari Rajghad,1158118.86,UTIBN62025042504643657
25-04-2025,NEFTCR-UTIB0001506-PHONEPEPRIVATELIMI TED-PAYMENTAGGREGATOR ESCROW-VIRENDRAK UMARRATANLAL GANDHI-UTIBN62025042504643 SELF-CHQPAID-JOBAT SELF-CHQPAID-JOBAT,Contra,200000.00,,200000.00,H D F C Bank Jhabua 50200060244460,Cash,958118.86,0000000000000070
25-04-2025,NEFTCR-UTIB0001506-PHONEPEPRIVATELIMI TED-PAYMENTAGGREGATOR ESCROW-VIRENDRAK UMARRATANLAL,Payment,450000.00,,450000.00,H D F C Bank Jhabua 50200060244460,A,508118.86,0000000000000072
26-04-2025,No Description,Receipt,,8055.00,8055.00,H D F C Bank Jhabua 50200060244460,A,516173.86,UTIBN62025042615115597
27-04-2025,GANDHI-UTIBN62025042615115,Receipt,,7915.00,7915.00,H D F C Bank Jhabua 50200060244460,A,524088.86,UTIBN62025042724593304
27-04-2025,NEFTCR-UTIB0001506-PHONEPEPRIVATELIMI TED-PAYMENTAGGREGATOR ESCROW-VIRENDRAK UMARRATANLAL GANDHI-UTIBN62025042724593,Payment,174780.00,,174780.00,H D F C Bank Jhabua 50200060244460,A,349308.86,HDFCN52025042797857442
28-04-2025,"NEFTDR-ICIC0004061-TULSITRADERS-NETBAN K,MUM-HDFCN52025042797857442-BILL",Receipt,,5150.00,5150.00,H D F C Bank Jhabua 50200060244460,A,354458.86,UTIBN62025042833314398
28-04-2025,NEFTCR-UTIB0001506-PHONEPEPRIVATELIMI TED-PAYMENTAGGREGATOR ESCROW-VIRENDRAK UMARRATANLAL GANDHI-UTIBN62025042833314,Receipt,,812000.00,812000.00,H D F C Bank Jhabua 50200060244460,Phone Pyee,1166458.86,BKIDR52025042800966331
28-04-2025,RTGSCR-BKID0000200-SOUBHAGYATRADING CO MPANYBAGH-VIRENDRARATANLAL GANDHI-BKID R52025042800966331 SELF-CHQPAID-JOBAT,Contra,900000.00,,900000.00,H D F C Bank Jhabua 50200060244460,Cash,266458.86,0000000000000144
29-04-2025,NEFTCR-UTIB0001506-PHONEPEPRIVATELIMI TED-PAYMENTAGGREGATOR ESCROW-VIRENDRAK UMARRATANLAL GANDHI-UTIBN62025042943704,Receipt,,7050.00,7050.00,H D F C Bank Jhabua 50200060244460,Phone Pyee,273508.86,UTIBN62025042943704093
30-04-2025,NEFTCR-UTIB0001506-PHONEPEPRIVATELIMI TED-PAYMENTAGGREGATOR ESCROW-VIRENDRAK UMARRATANLAL GANDHI-UTIBN62025043054012,Receipt,,16400.00,16400.00,H D F C Bank Jhabua 50200060244460,Phone Pyee,289908.86,UTIBN62025043054012403
01-05-2025,NEFTCR-UTIB0001506-PHONEPEPRIVATELIMI TED-PAYMENTAGGREGATOR ESCROW-VIRENDRAK,Receipt,,430.00,430.00,H D F C Bank Jhabua 50200060244460,Phone Pyee,290338.86,UTIBN62025050165343301
02-05-2025,UMARRATANLAL,Receipt,,2865.00,2865.00,H D F C Bank Jhabua 50200060244460,A,293203.86,UTIBN62025050275200956
03-05-2025,GANDHI-UTIBN62025050165343,Receipt,,18310.00,18310.00,H D F C Bank Jhabua 50200060244460,A,311513.86,UTIBN62025050385504238
03-05-2025,NEFTCR-UTIB0001506-PHONEPEPRIVATELIMI TED-PAYMENTAGGREGATOR ESCROW-VIRENDRAK UMARRATANLAL GANDHI-UTIBN62025050275200,Payment,250000.00,,250000.00,H D F C Bank Jhabua 50200060244460,A,61513.86,HDFCN52025050311004783
04-05-2025,NEFTCR-UTIB0001506-PHONEPEPRIVATELIMI TED-PAYMENTAGGREGATOR ESCROW-VIRENDRAK UMARRATANLAL GANDHI-UTIBN62025050385504,Receipt,,10605.00,10605.00,H D F C Bank Jhabua 50200060244460,Phone Pyee,72118.86,UTIBN62025050495652511
04-05-2025,"NEFTDR-BKID0009813-CHOUDHARY INTERPRISE -NETBANK,MUM-HDFCN52025050311004783-BIL L",Payment,27361.00,,27361.00,H D F C Bank Jhabua 50200060244460,Choudhary Enterprises,44757.86,0000512409385318
05-05-2025,NEFTCR-UTIB0001506-PHONEPEPRIVATELIMI TED-PAYMENTAGGREGATOR ESCROW-VIRENDRAK UMARRATANLAL GANDHI-UTIBN62025050495652,Receipt,,13055.00,13055.00,H D F C Bank Jhabua 50200060244460,Phone Pyee,57812.86,UTIBN62025050503997541
06-05-2025,IMPS-512409385318-BAJRANGNAMKEEN BHANDA RBAGH-HDFC-XXXXXXXXXX5120-BILL,Receipt,,6625.00,6625.00,H D F C Bank Jhabua 50200060244460,BAJRANG NAMKEEN BHANDAR BAGH,64437.86,UTIBN62025050614642362
07-05-2025,UMARRATANLAL,Receipt,,19930.00,19930.00,H D F C Bank Jhabua 50200060244460,A,84367.86,UTIBN62025050724901482
07-05-2025,GANDHI-UTIBN62025050614642,Payment,54498.00,,54498.00,H D F C Bank Jhabua 50200060244460,A,29869.86,000000000000000
07-05-2025,NEFTCR-UTIB0001506-PHONEPEPRIVATELIMI TED-PAYMENTAGGREGATOR ESCROW-VIRENDRAK UMARRATANLAL GANDHI-UTIBN62025050724901 EMI801020320CHQS80102032000310525801 020320,Receipt,,51644.00,51644.00,H D F C Bank Jhabua 50200060244460,Phone Pyee,81513.86,ICICN42025050755070661
08-05-2025,NEFTCR-ICIC0SF0002-RAJENDRAKUMARSHAIT ANMAL KOTHARI-VIRENDRA-ICICN420250507550 70661,Receipt,,3790.00,3790.00,H D F C Bank Jhabua 50200060244460,Rajendra Kumar Shetanmal Kothari Rajghad,85303.86,UTIBN62025050835750623
09-05-2025,NEFTCR-UTIB0001506-PHONEPEPRIVATELIMI TED-PAYMENTAGGREGATOR ESCROW-VIRENDRAK UMARRATANLAL GANDHI-UTIBN62025050835750,Receipt,,770.00,770.00,H D F C Bank Jhabua 50200060244460,Phone Pyee,86073.86,UTIBN62025050945966354
10-05-2025,NEFTCR-UTIB0001506-PHONEPEPRIVATELIMI TED-PAYMENTAGGREGATOR ESCROW-VIRENDRAK UMARRATANLAL GANDHI-UTIBN62025050945966,Receipt,,4490.00,4490.00,H D F C Bank Jhabua 50200060244460,Phone Pyee,90563.86,UTIBN62025051056379234
11-05-2025,NEFTCR-UTIB0001506-PHONEPEPRIVATELIMI TED-PAYMENTAGGREGATOR ESCROW-VIRENDRAK UMARRATANLAL GANDHI-UTIBN62025051056379,Receipt,,9757.00,9757.00,H D F C Bank Jhabua 50200060244460,Phone Pyee,100320.86,UTIBN62025051165681109
12-05-2025,GANDHI-UTIBN62025051165681,Receipt,,2050.00,2050.00,H D F C Bank Jhabua 50200060244460,A,102370.86,UTIBN62025051273966692
13-05-2025,NEFTCR-UTIB0001506-PHONEPEPRIVATELIMI TED-PAYMENTAGGREGATOR ESCROW-VIRENDRAK UMARRATANLAL GANDHI-UTIBN62025051273966,Receipt,,1445.00,1445.00,H D F C Bank Jhabua 50200060244460,Phone Pyee,103815.86,UTIBN62025051383416953
13-05-2025,NEFTCR-UTIB0001506-PHONEPEPRIVATELIMI TED-PAYMENTAGGREGATOR ESCROW-VIRENDRAK UMARRATANLAL GANDHI-UTIBN62025051383416,Receipt,,800000.00,800000.00,H D F C Bank Jhabua 50200060244460,Phone Pyee,903815.86,ICICR42025051300536878
14-05-2025,RTGSCR-ICIC0000011-RAJENDRAKUMARSHAIT ANMAL KOTHARI-VIRENDRAKUMARRATANLALGANDH I-ICICR42025051300536878,Receipt,,5580.00,5580.00,H D F C Bank Jhabua 50200060244460,Rajendra Kumar Shetanmal Kothari Rajghad,909395.86,UTIBN62025051493909420
15-05-2025,NEFTCR-UTIB0001506-PHONEPEPRIVATELIMI TED-PAYMENTAGGREGATOR ESCROW-VIRENDRAK UMARRATANLAL GANDHI-UTIBN62025051493909,Receipt,,18745.00,18745.00,H D F C Bank Jhabua 50200060244460,Phone Pyee,928140.86,UTIBN62025051504305870
16-05-2025,NEFTCR-UTIB0001506-PHONEPEPRIVATELIMI TED-PAYMENTAGGREGATOR ESCROW-VIRENDRAK UMARRATANLAL GANDHI-UTIBN62025051504305,Receipt,,10170.00,10170.00,H D F C Bank Jhabua 50200060244460,Phone Pyee,938310.86,UTIBN62025051614293210
16-05-2025,NEFTCR-UTIB0001506-PHONEPEPRIVATELIMI TED-PAYMENTAGGREGATOR ESCROW-VIRENDRAK UMARRATANLAL GANDHI-UTIBN62025051614293 SELF-CHQPAID-JOBAT,Contra,700000.00,,700000.00,H D F C Bank Jhabua 50200060244460,Cash,238310.86,0000000000000145
17-05-2025,NEFTCR-UTIB0001506-PHONEPEPRIVATELIMI,Receipt,,3075.00,3075.00,H D F C Bank Jhabua 50200060244460,Phone Pyee,241385.86,UTIBN62025051725
17-05-2025,TED-PAYMENTAGGREGATOR,Receipt,,9970.46,9970.46,H D F C Bank Jhabua 50200060244460,A,251356.32,423085
18-05-2025,ESCROW-VIRENDRAK UMARRATANLAL GANDHI-UTIBN62025051725423,Receipt,,5480.00,5480.00,H D F C Bank Jhabua 50200060244460,A,256836.32,0000000000001624
19-05-2025,CHQDEP-MICR8CLEARING-ALIRAJPUR:V IRENDRAKUMAR:IDBIBANK,Receipt,,2795.00,2795.00,H D F C Bank Jhabua 50200060244460,A,259631.32,UTIBN62025051835231869
20-05-2025,NEFTCR-UTIB0001506-PHONEPEPRIVATELIMI TED-PAYMENTAGGREGATOR ESCROW-VIRENDRAK UMARRATANLAL GANDHI-UTIBN62025051835231,Receipt,,8995.00,8995.00,H D F C Bank Jhabua 50200060244460,Phone Pyee,268626.32,UTIBN62025051943700775
20-05-2025,NEFTCR-UTIB0001506-PHONEPEPRIVATELIMI TED-PAYMENTAGGREGATOR ESCROW-VIRENDRAK UMARRATANLAL GANDHI-UTIBN62025051943700,Payment,35653.00,,35653.00,H D F C Bank Jhabua 50200060244460,A,232973.32,UTIBN62025052053521807
20-05-2025,NEFTCR-UTIB0001506-PHONEPEPRIVATELIMI TED-PAYMENTAGGREGATOR ESCROW-VIRENDRAK UMARRATANLAL GANDHI-UTIBN62025052053521 ACHD-AXISBANK-682B21F92958478A26633E7,Payment,71854.00,,71854.00,H D F C Bank Jhabua 50200060244460,Axis Bank Ltd,161119.32,0000008673951129
21-05-2025,IMPS-514020375094-MANISHKOTHARIJHABUA 2-HDFC-XXXXXXXXXX8507-BILL,Receipt,,14145.00,14145.00,H D F C Bank Jhabua 50200060244460,Manish Kothari,175264.32,0000514020375094
22-05-2025,NEFTCR-UTIB0001506-PHONEPEPRIVATELIMI TED-PAYMENTAGGREGATOR ESCROW-VIRENDRAK UMARRATANLAL GANDHI-UTIBN62025052163297,Receipt,,7945.00,7945.00,H D F C Bank Jhabua 50200060244460,Phone Pyee,183209.32,UTIBN62025052163297488
23-05-2025,UMARRATANLAL,Receipt,,1390.00,1390.00,H D F C Bank Jhabua 50200060244460,A,184599.32,UTIBN62025052383050847
23-05-2025,GANDHI-UTIBN62025052273325,Receipt,,300000.00,300000.00,H D F C Bank Jhabua 50200060244460,A,484599.32,000000000000000
23-05-2025,NEFTCR-UTIB0001506-PHONEPEPRIVATELIMI TED-PAYMENTAGGREGATOR ESCROW-VIRENDRAK UMARRATANLAL GANDHI-UTIBN62025052383050,Receipt,,10000.00,10000.00,H D F C Bank Jhabua 50200060244460,Phone Pyee,494599.32,000000000000000
23-05-2025,CASHDEPOSITBY-SELF-JOBAT,Contra,,91200.00,91200.00,H D F C Bank Jhabua 50200060244460,Cash,585799.32,ICICN42025052357983724
24-05-2025,CASHDEPOSITBY-SELF-JHABUA,Contra,,18005.00,18005.00,H D F C Bank Jhabua 50200060244460,Cash,603804.32,UTIBN62025052494706589
25-05-2025,NEFTCR-ICIC0SF0002-RAJENDRAKUMARSHAIT ANMAL KOTHARI-VIRENDRA-ICICN420250523579 83724,Receipt,,1500.00,1500.00,H D F C Bank Jhabua 50200060244460,Rajendra Kumar Shetanmal Kothari Rajghad,605304.32,UTIBN62025052503548752
25-05-2025,NEFTCR-UTIB0001506-PHONEPEPRIVATELIMI TED-PAYMENTAGGREGATOR ESCROW-VIRENDRAK UMARRATANLAL GANDHI-UTIBN62025052494706,Payment,50250.00,,50250.00,H D F C Bank Jhabua 50200060244460,A,555054.32,HDFCN52025052552589525
25-05-2025,NEFTCR-UTIB0001506-PHONEPEPRIVATELIMI TED-PAYMENTAGGREGATOR ESCROW-VIRENDRAK UMARRATANLAL GANDHI-UTIBN62025052503548,Payment,200000.00,,200000.00,H D F C Bank Jhabua 50200060244460,A,355054.32,HDFCN52025052552585356
26-05-2025,"NEFTDR-SBIN0030418-JAYANTRAJMARKETING INDORE-NETBANK, MUM-HDFCN520250525525895 25-BILL",Receipt,,12365.00,12365.00,H D F C Bank Jhabua 50200060244460,Jayant Raj Marketing Indore1,367419.32,UTIBN62025052611684544
26-05-2025,UMARRATANLAL,Receipt,,7800.00,7800.00,H D F C Bank Jhabua 50200060244460,A,375219.32,0000000000697738
27-05-2025,GANDHI-UTIBN62025052611684,Receipt,,4180.00,4180.00,H D F C Bank Jhabua 50200060244460,A,379399.32,UTIBN62025052721483992
27-05-2025,CHQDEP-MICR8CLEARING-ALIRAJPUR:A DHIKSHAKGOVTADIWASIBALAK:STATE BANK OFINDIA,Payment,200000.00,,200000.00,H D F C Bank Jhabua 50200060244460,A,179399.32,HDFCN52025052756456112
27-05-2025,NEFTCR-UTIB0001506-PHONEPEPRIVATELIMI TED-PAYMENTAGGREGATOR ESCROW-VIRENDRAK UMARRATANLAL GANDHI-UTIBN62025052721483,Payment,29228.00,,29228.00,H D F C Bank Jhabua 50200060244460,A,150171.32,HDFCN52025052756456210
28-05-2025,"NEFTDR-BDBL0001230-SHREEPREMTRADERSI NDORE-NETBANK, MUM-HDFCN5202505275645611 2-BILL",Receipt,,5745.00,5745.00,H D F C Bank Jhabua 50200060244460,Prem Traders Indore,155916.32,UTIBN62025052831140357
29-05-2025,"NEFTDR-BDBL0001230-SHREEPREMTRADERSI NDORE-NETBANK, MUM-HDFCN5202505275645621 0-BILL",Receipt,,2525.00,2525.00,H D F C Bank Jhabua 50200060244460,Prem Traders Indore,158441.32,UTIBN62025052941133617
30-05-2025,NEFTCR-UTIB0001506-PHONEPEPRIVATELIMI TED-PAYMENTAGGREGATOR ESCROW-VIRENDRAK UMARRATANLAL GANDHI-UTIBN62025052831140,Receipt,,2040.00,2040.00,H D F C Bank Jhabua 50200060244460,Phone Pyee,160481.32,UTIBN62025053050633312
31-05-2025,UMARRATANLAL,Receipt,,13140.00,13140.00,H D F C Bank Jhabua 50200060244460,A,173621.32,UTIBN62025053160830283
01-06-2025,GANDHI-UTIBN62025053050633,Receipt,,2525.00,2525.00,H D F C Bank Jhabua 50200060244460,A,176146.32,UTIBN62025060170924010
02-06-2025,NEFTCR-UTIB0001506-PHONEPEPRIVATELIMI TED-PAYMENTAGGREGATOR ESCROW-VIRENDRAK UMARRATANLAL GANDHI-UTIBN62025053160830,Receipt,,4510.00,4510.00,H D F C Bank Jhabua 50200060244460,Phone Pyee,180656.32,UTIBN62025060279880558
03-06-2025,NEFTCR-UTIB0001506-PHONEPEPRIVATELIMI TED-PAYMENTAGGREGATOR ESCROW-VIRENDRAK UMARRATANLAL GANDHI-UTIBN62025060170924,Receipt,,3110.00,3110.00,H D F C Bank Jhabua 50200060244460,Phone Pyee,183766.32,UTIBN62025060390727870
03-06-2025,NEFTCR-UTIB0001506-PHONEPEPRIVATELIMI TED-PAYMENTAGGREGATOR ESCROW-VIRENDRAK UMARRATANLAL GANDHI-UTIBN62025060279880,Payment,34300.00,,34300.00,H D F C Bank Jhabua 50200060244460,A,149466.32,HDFCN52025060369919439
03-06-2025,NEFTCR-UTIB0001506-PHONEPEPRIVATELIMI TED-PAYMENTAGGREGATOR ESCROW-VIRENDRAK UMARRATANLAL GANDHI-UTIBN62025060390727,Payment,18470.00,,18470.00,H D F C Bank Jhabua 50200060244460,A,130996.32,0000515414316310
04-06-2025,"NEFTDR-SBIN0002888-NANALALMIYACHAND NA HARRANAPUR-NETBANK, MUM-HDFCN5202506036 9919439-BILL",Receipt,,3230.00,3230.00,H D F C Bank Jhabua 50200060244460,A,134226.32,UTIBN62025060400899201
05-06-2025,UMARRATANLAL,Receipt,,1980.00,1980.00,H D F C Bank Jhabua 50200060244460,A,136206.32,UTIBN62025060511338669
05-06-2025,GANDHI-UTIBN62025060400899,Payment,4.02,,4.02,H D F C Bank Jhabua 50200060244460,A,136202.30,CDT2515433227450
06-06-2025,NEFTCR-UTIB0001506-PHONEPEPRIVATELIMI TED-PAYMENTAGGREGATOR ESCROW-VIRENDRAK UMARRATANLAL GANDHI-UTIBN62025060511338 JANMAR25INSTAALERTCHG17SMS040425-CDT 2515433227450,Receipt,,835.00,835.00,H D F C Bank Jhabua 50200060244460,Phone Pyee,137037.30,UTIBN62025060622044932
07-06-2025,NEFTCR-UTIB0001506-PHONEPEPRIVATELIMI TED-PAYMENTAGGREGATOR ESCROW-VIRENDRAK UMARRATANLAL GANDHI-UTIBN62025060622044,Receipt,,5070.00,5070.00,H D F C Bank Jhabua 50200060244460,Phone Pyee,142107.30,UTIBN62025060733007046
07-06-2025,NEFTCR-UTIB0001506-PHONEPEPRIVATELIMI TED-PAYMENTAGGREGATOR ESCROW-VIRENDRAK UMARRATANLAL GANDHI-UTIBN62025060733007 EMI801020320CHQS80102032000410625801 020320,Payment,54498.00,,54498.00,H D F C Bank Jhabua 50200060244460,A,87609.30,000000000000000
09-06-2025,NEFTCR-UTIB0001506-PHONEPEPRIVATELIMI TED-PAYMENTAGGREGATOR ESCROW-VIRENDRAK UMARRATANLAL GANDHI-UTIBN62025060950293,Receipt,,25394.00,25394.00,H D F C Bank Jhabua 50200060244460,Phone Pyee,113003.30,UTIBN62025060950293421
09-06-2025,UPI-AMITGANDHI-Q014677220@YBL-NA-100724 773603-AMITGANDHI,Payment,1.00,,1.00,H D F C Bank Jhabua 50200060244460,Amit Gandhi,113002.30,0000100724773603
09-06-2025,UPI-AMITGANDHI-9617053332@AXL-NA-100724 781335-AMITGANDHI HGAHP07CC10640481215-MPPASCHIMKS-BILLPAY -50200026202917,Payment,1.00,,1.00,H D F C Bank Jhabua 50200060244460,Amit Gandhi,113001.30,0000100724781335
09-06-2025,No Description,Payment,3555.00,,3555.00,H D F C Bank Jhabua 50200060244460,A,109446.30,0000000318936622
09-06-2025,CHQDEP-MICR8CLEARING-ALIRAJPUR:A,Receipt,,16500.00,16500.00,H D F C Bank Jhabua 50200060244460,A,125946.30,0000000000658177
09-06-2025,DHIKSHAKBALAKAASHRAMFUTTALABBADA :STA TEBANKOFINDIA,Receipt,,12000.00,12000.00,H D F C Bank Jhabua 50200060244460,A,137946.30,0000000000658178
09-06-2025,CHQDEP-MICR8CLEARING-ALIRAJPUR:A DHIKSHAKBALAKAASHRAMEUTTALABBADA :ST ATEBANKOFINDIA,Receipt,,15530.00,15530.00,H D F C Bank Jhabua 50200060244460,A,153476.30,0000000000697739
10-06-2025,CHQDEP-MICR8CLEARING-ALIRAJPUR:A DHIKSHAKGOVTADIWASIBALAKSENIORCH B :STATEBANKOFINDIA,Receipt,,20822.00,20822.00,H D F C Bank Jhabua 50200060244460,A,174298.30,UTIBN62025061060406115
11-06-2025,NEFTCR-UTIB0001506-PHONEPEPRIVATELIMI TED-PAYMENTAGGREGATOR ESCROW-VIRENDRAK UMARRATANLAL GANDHI-UTIBN62025061060406,Receipt,,7335.00,7335.00,H D F C Bank Jhabua 50200060244460,Phone Pyee,181633.30,UTIBN62025061171189135
12-06-2025,NEFTCR-UTIB0001506-PHONEPEPRIVATELIMI TED-PAYMENTAGGREGATOR ESCROW-VIRENDRAK UMARRATANLAL GANDHI-UTIBN62025061171189,Receipt,,17215.00,17215.00,H D F C Bank Jhabua 50200060244460,Phone Pyee,198848.30,UTIBN62025061281959867
13-06-2025,NEFTCR-UTIB0001506-PHONEPEPRIVATELIMI TED-PAYMENTAGGREGATOR ESCROW-VIRENDRAK UMARRATANLAL GANDHI-UTIBN62025061281959,Receipt,,730.00,730.00,H D F C Bank Jhabua 50200060244460,Phone Pyee,199578.30,UTIBN62025061391813143
14-06-2025,NEFTCR-UTIB0001506-PHONEPEPRIVATELIMI,Receipt,,260.00,260.00,H D F C Bank Jhabua 50200060244460,Phone Pyee,199838.30,UTIBN62025061401965209
15-06-2025,TED-PAYMENTAGGREGATOR ESCROW-VIRENDRAK UMARRATANLAL GANDHI-UTIBN62025061401965,Receipt,,460.00,460.00,H D F C Bank Jhabua 50200060244460,A,200298.30,UTIBN62025061510948479
16-06-2025,NEFTCR-UTIB0001506-PHONEPEPRIVATELIMI TED-PAYMENTAGGREGATOR ESCROW-VIRENDRAK UMARRATANLAL GANDHI-UTIBN62025061510948,Receipt,,4600.00,4600.00,H D F C Bank Jhabua 50200060244460,Phone Pyee,204898.30,UTIBN62025061619679637
17-06-2025,NEFTCR-UTIB0001506-PHONEPEPRIVATELIMI TED-PAYMENTAGGREGATOR ESCROW-VIRENDRAK UMARRATANLAL GANDHI-UTIBN62025061619679,Receipt,,4710.00,4710.00,H D F C Bank Jhabua 50200060244460,Phone Pyee,209608.30,UTIBN62025061730436674
17-06-2025,NEFTCR-UTIB0001506-PHONEPEPRIVATELIMI TED-PAYMENTAGGREGATOR ESCROW-VIRENDRAK UMARRATANLAL GANDHI-UTIBN62025061730436 50200031127073-TPT-PAID-SHRIJAYANTTRAD ERS 50200045981636-TPT-PAID-SHREESHANTINATH TRADERS,Receipt,,105782.00,105782.00,H D F C Bank Jhabua 50200060244460,Phone Pyee,315390.30,0000000287452235
17-06-2025,NEFTCR-UTIB0001506-PHONEPEPRIVATELIMI TED-PAYMENTAGGREGATOR ESCROW-VIRENDRAK UMARRATANLAL GANDHI-UTIBN62025061840281,Receipt,,60888.00,60888.00,H D F C Bank Jhabua 50200060244460,Phone Pyee,376278.30,0000000287523928
18-06-2025,NEFTCR-UTIB0001506-PHONEPEPRIVATELIMI TED-PAYMENTAGGREGATOR ESCROW-VIRENDRAK,Receipt,,33568.16,33568.16,H D F C Bank Jhabua 50200060244460,Phone Pyee,409846.46,UTIBN62025061840281952
19-06-2025,No Description,Receipt,,13500.00,13500.00,H D F C Bank Jhabua 50200060244460,A,423346.46,UTIBN62025061950746045
19-06-2025,UMARRATANLAL,Payment,6574.00,,6574.00,H D F C Bank Jhabua 50200060244460,A,416772.46,0000517012390286
20-06-2025,GANDHI-UTIBN62025061950746,Receipt,,17890.00,17890.00,H D F C Bank Jhabua 50200060244460,A,434662.46,UTIBN62025062060384624
20-06-2025,IMPS-517012390286-MANISHKOTHARIJHABUA 2-HDFC-XXXXXXXXXX8507-GSTCHALAN,Payment,35653.00,,35653.00,H D F C Bank Jhabua 50200060244460,Manish Kothari,399009.46,0000009862184644
21-06-2025,NEFTCR-UTIB0001506-PHONEPEPRIVATELIMI TED-PAYMENTAGGREGATOR ESCROW-VIRENDRAK UMARRATANLAL GANDHI-UTIBN62025062060384 ACHD-AXISBANK-6853C07FAA278BCAB5A4908,Receipt,,5165.00,5165.00,H D F C Bank Jhabua 50200060244460,Phone Pyee,404174.46,UTIBN62025062170650672
22-06-2025,NEFTCR-UTIB0001506-PHONEPEPRIVATELIMI TED-PAYMENTAGGREGATOR ESCROW-VIRENDRAK UMARRATANLAL GANDHI-UTIBN62025062170650,Receipt,,26625.00,26625.00,H D F C Bank Jhabua 50200060244460,Phone Pyee,430799.46,UTIBN62025062280653701
23-06-2025,NEFTCR-UTIB0001506-PHONEPEPRIVATELIMI TED-PAYMENTAGGREGATOR ESCROW-VIRENDRAK UMARRATANLAL GANDHI-UTIBN62025062280653,Receipt,,2930.00,2930.00,H D F C Bank Jhabua 50200060244460,Phone Pyee,433729.46,UTIBN62025062389286777
23-06-2025,NEFTCR-UTIB0001506-PHONEPEPRIVATELIMI TED-PAYMENTAGGREGATOR ESCROW-VIRENDRAK UMARRATANLAL GANDHI-UTIBN62025062389286,Payment,113460.00,,113460.00,H D F C Bank Jhabua 50200060244460,A,320269.46,HDFCN52025062307632329
23-06-2025,"NEFTDR-ICIC0004061-TULSITRADERS-NETBAN K,MUM-HDFCN52025062307632329-BILL",Payment,68075.00,,68075.00,H D F C Bank Jhabua 50200060244460,A,252194.46,HDFCN52025062307660793
24-06-2025,"NEFTDR-UTIB0001793-RATNRAJPROVHIJANST OREJOBAT-NETBANK, MUM-HDFCN520250623076 60793-BILL",Receipt,,54110.00,54110.00,H D F C Bank Jhabua 50200060244460,A,306304.46,UTIBN62025062499
25-06-2025,TED-PAYMENTAGGREGATOR,Receipt,,17965.00,17965.00,H D F C Bank Jhabua 50200060244460,A,324269.46,302246
26-06-2025,ESCROW-VIRENDRAK UMARRATANLAL GANDHI-UTIBN62025062499302,Receipt,,3105.00,3105.00,H D F C Bank Jhabua 50200060244460,A,327374.46,UTIBN62025062509153105
27-06-2025,NEFTCR-UTIB0001506-PHONEPEPRIVATELIMI TED-PAYMENTAGGREGATOR ESCROW-VIRENDRAK UMARRATANLAL GANDHI-UTIBN62025062509153,Receipt,,17460.00,17460.00,H D F C Bank Jhabua 50200060244460,Phone Pyee,344834.46,UTIBN62025062618949073
28-06-2025,NEFTCR-UTIB0001506-PHONEPEPRIVATELIMI TED-PAYMENTAGGREGATOR ESCROW-VIRENDRAK UMARRATANLAL GANDHI-UTIBN62025062618949,Receipt,,6790.00,6790.00,H D F C Bank Jhabua 50200060244460,Phone Pyee,351624.46,UTIBN62025062729233458
28-06-2025,NEFTCR-UTIB0001506-PHONEPEPRIVATELIMI TED-PAYMENTAGGREGATOR ESCROW-VIRENDRAK UMARRATANLAL GANDHI-UTIBN62025062729233,Payment,18490.00,,18490.00,H D F C Bank Jhabua 50200060244460,A,333134.46,UTIBN62025062839274498
28-06-2025,NEFTCR-UTIB0001506-PHONEPEPRIVATELIMI TED-PAYMENTAGGREGATOR ESCROW-VIRENDRAK UMARRATANLAL GANDHI-UTIBN62025062839274,Payment,3130.00,,3130.00,H D F C Bank Jhabua 50200060244460,A,330004.46,0000517915351546
29-06-2025,IMPS-517915351546-GURUJITRADINGCOMPANY JOBAT-HDFC-XXXXXXXXXX0119-BILL,Receipt,,19190.00,19190.00,H D F C Bank Jhabua 50200060244460,Guruji Trading Comp.Jobat,349194.46,HDFCN52025062817586293
30-06-2025,TED-PAYMENTAGGREGATOR,Receipt,,44669.00,44669.00,H D F C Bank Jhabua 50200060244460,A,393863.46,680231
01-07-2025,ESCROW-VIRENDRAK UMARRATANLAL GANDHI-UTIBN62025062948680,Receipt,,9890.00,9890.00,H D F C Bank Jhabua 50200060244460,A,403753.46,UTIBN62025063057716131
02-07-2025,NEFTCR-UTIB0001506-PHONEPEPRIVATELIMI TED-PAYMENTAGGREGATOR ESCROW-VIRENDRAK UMARRATANLAL GANDHI-UTIBN62025063057716,Payment,200000.00,,200000.00,H D F C Bank Jhabua 50200060244460,A,203753.46,UTIBN62025070170387996
02-07-2025,NEFTCR-UTIB0001506-PHONEPEPRIVATELIMI TED-PAYMENTAGGREGATOR ESCROW-VIRENDRAK UMARRATANLAL GANDHI-UTIBN62025070170387,Receipt,,9660.00,9660.00,H D F C Bank Jhabua 50200060244460,Phone Pyee,213413.46,HDFCN52025070225539469
03-07-2025,"NEFTDR-KKBK0000826-RAJINDUSRIESDAHOD- NETBANK,MUM-HDFCN52025070225539469-BILL",Receipt,,9545.00,9545.00,H D F C Bank Jhabua 50200060244460,A,222958.46,UTIBN62025070282949978
03-07-2025,NEFTCR-UTIB0001506-PHONEPEPRIVATELIMI TED-PAYMENTAGGREGATOR ESCROW-VIRENDRAK UMARRATANLAL GANDHI-UTIBN62025070282949,Receipt,,298300.00,298300.00,H D F C Bank Jhabua 50200060244460,Phone Pyee,521258.46,UTIBN62025070393702148
03-07-2025,NEFTCR-UTIB0001506-PHONEPEPRIVATELIMI TED-PAYMENTAGGREGATOR ESCROW-VIRENDRAK UMARRATANLAL GANDHI-UTIBN62025070393702,Payment,60000.00,,60000.00,H D F C Bank Jhabua 50200060244460,A,461258.46,ICICR42025070300502852
04-07-2025,ARSMAMA,Receipt,,36500.00,36500.00,H D F C Bank Jhabua 50200060244460,A,497758.46,UTIBN62025070407261637
05-07-2025,NEFTCR-UTIB0001506-PHONEPEPRIVATELIMI TED-PAYMENTAGGREGATOR ESCROW-VIRENDRAK UMARRATANLAL GANDHI-UTIBN62025070407261,Receipt,,1200.00,1200.00,H D F C Bank Jhabua 50200060244460,Phone Pyee,498958.46,UTIBN62025070519541130
06-07-2025,NEFTCR-UTIB0001506-PHONEPEPRIVATELIMI TED-PAYMENTAGGREGATOR ESCROW-VIRENDRAK UMARRATANLAL GANDHI-UTIBN62025070519541,Receipt,,3901.00,3901.00,H D F C Bank Jhabua 50200060244460,Phone Pyee,502859.46,UTIBN62025070630741834
07-07-2025,NEFTCR-UTIB0001506-PHONEPEPRIVATELIMI TED-PAYMENTAGGREGATOR ESCROW-VIRENDRAK UMARRATANLAL GANDHI-UTIBN62025070630741,Receipt,,67840.00,67840.00,H D F C Bank Jhabua 50200060244460,Phone Pyee,570699.46,UTIBN62025070739861438
07-07-2025,NEFTCR-UTIB0001506-PHONEPEPRIVATELIMI TED-PAYMENTAGGREGATOR ESCROW-VIRENDRAK UMARRATANLAL GANDHI-UTIBN62025070739861 EMI801020320CHQS80102032000510725801 020320,Payment,54498.00,,54498.00,H D F C Bank Jhabua 50200060244460,A,516201.46,000000000000000
08-07-2025,NEFTCR-UTIB0001506-PHONEPEPRIVATELIMI TED-PAYMENTAGGREGATOR ESCROW-VIRENDRAK UMARRATANLAL GANDHI-UTIBN62025070851502,Receipt,,92520.00,92520.00,H D F C Bank Jhabua 50200060244460,Phone Pyee,608721.46,UTIBN62025070851502214
09-07-2025,NEFTCR-UTIB0001506-PHONEPEPRIVATELIMI TED-PAYMENTAGGREGATOR ESCROW-VIRENDRAK UMARRATANLAL,Receipt,,13740.00,13740.00,H D F C Bank Jhabua 50200060244460,Phone Pyee,622461.46,UTIBN62025070962842771
10-07-2025,GANDHI-UTIBN62025070962842,Receipt,,93607.00,93607.00,H D F C Bank Jhabua 50200060244460,A,716068.46,UTIBN62025071074012055
11-07-2025,NEFTCR-UTIB0001506-PHONEPEPRIVATELIMI TED-PAYMENTAGGREGATOR ESCROW-VIRENDRAK UMARRATANLAL GANDHI-UTIBN62025071074012,Receipt,,3640.00,3640.00,H D F C Bank Jhabua 50200060244460,Phone Pyee,719708.46,UTIBN62025071185015380
12-07-2025,NEFTCR-UTIB0001506-PHONEPEPRIVATELIMI TED-PAYMENTAGGREGATOR ESCROW-VIRENDRAK UMARRATANLAL GANDHI-UTIBN62025071185015,Receipt,,28300.00,28300.00,H D F C Bank Jhabua 50200060244460,Phone Pyee,748008.46,UTIBN62025071296730237
13-07-2025,NEFTCR-UTIB0001506-PHONEPEPRIVATELIMI TED-PAYMENTAGGREGATOR ESCROW-VIRENDRAK UMARRATANLAL GANDHI-UTIBN62025071296730,Receipt,,5910.00,5910.00,H D F C Bank Jhabua 50200060244460,Phone Pyee,753918.46,UTIBN62025071307034539
13-07-2025,NEFTCR-UTIB0001506-PHONEPEPRIVATELIMI TED-PAYMENTAGGREGATOR ESCROW-VIRENDRAK UMARRATANLAL GANDHI-UTIBN62025071307034,Payment,67522.00,,67522.00,H D F C Bank Jhabua 50200060244460,A,686396.46,0000519409341880
13-07-2025,IMPS-519409341880-BAJRANGNAMKEEN BHANDA RBAGH-HDFC-XXXXXXXXXX5120-BILL,Payment,22850.00,,22850.00,H D F C Bank Jhabua 50200060244460,BAJRANG NAMKEEN BHANDAR BAGH,663546.46,HDFCN52025071352753000
14-07-2025,"NEFTDR-UTIB0001793-RATNRAJPROVHIJANST OREJOBAT-NETBANK, MUM-HDFCN520250713527 53000-BILL",Receipt,,83181.00,83181.00,H D F C Bank Jhabua 50200060244460,A,746727.46,UTIBN62025071416816834
14-07-2025,GANDHI-UTIBN62025071416816,Payment,500000.00,,500000.00,H D F C Bank Jhabua 50200060244460,A,246727.46,HDFCN52025071453806147
15-07-2025,"NEFTDR-BKID0009813-CHOUDHARY INTERPRISE -NETBANK,MUM-HDFCN52025071453806147-SAN JAYBHAITANDA",Receipt,,18380.00,18380.00,H D F C Bank Jhabua 50200060244460,Choudhary Enterprises,265107.46,UTIBN62025071528187159
15-07-2025,NEFTCR-UTIB0001506-PHONEPEPRIVATELIMI TED-PAYMENTAGGREGATOR ESCROW-VIRENDRAK UMARRATANLAL GANDHI-UTIBN62025071528187,Payment,141269.00,,141269.00,H D F C Bank Jhabua 50200060244460,A,123838.46,HDFCN52025071557685274
15-07-2025,"NEFTDR-BDBL0001230-SHREEPREMTRADERSI NDORE-NETBANK, MUM-HDFCN5202507155768527 4-BILL",Payment,12600.00,,12600.00,H D F C Bank Jhabua 50200060244460,Prem Traders Indore,111238.46,HDFCN52025071557687862
16-07-2025,"NEFTDR-BKID0009801-SHYAMSEVBHANDAR BA G-NETBANK,MUM-HDFCN52025071557687862-BI LL",Receipt,,35477.14,35477.14,H D F C Bank Jhabua 50200060244460,A,146715.60,UTIBN62025071639414310
17-07-2025,NEFTCR-UTIB0001506-PHONEPEPRIVATELIMI TED-PAYMENTAGGREGATOR ESCROW-VIRENDRAK UMARRATANLAL GANDHI-UTIBN62025071639414,Receipt,,92115.00,92115.00,H D F C Bank Jhabua 50200060244460,Phone Pyee,238830.60,UTIBN62025071750661885
17-07-2025,NEFTCR-UTIB0001506-PHONEPEPRIVATELIMI TED-PAYMENTAGGREGATOR ESCROW-VIRENDRAK UMARRATANLAL GANDHI-UTIBN62025071750661,Receipt,,21667.00,21667.00,H D F C Bank Jhabua 50200060244460,Phone Pyee,260497.60,0000000000824323
17-07-2025,NEFTDR-KKBK0000826-RAJINDUSRIESDAHOD-,Payment,200000.00,,200000.00,H D F C Bank Jhabua 50200060244460,A,60497.60,HDFCN52025071761491428
18-07-2025,"NETBANK,MUM-HDFCN52025071761491428-BILL",Receipt,,111076.00,111076.00,H D F C Bank Jhabua 50200060244460,A,171573.60,UTIBN62025071861857741
19-07-2025,NEFTCR-UTIB0001506-PHONEPEPRIVATELIMI TED-PAYMENTAGGREGATOR ESCROW-VIRENDRAK UMARRATANLAL GANDHI-UTIBN62025071861857,Receipt,,3930.00,3930.00,H D F C Bank Jhabua 50200060244460,Phone Pyee,175503.60,UTIBN62025071972882339
20-07-2025,NEFTCR-UTIB0001506-PHONEPEPRIVATELIMI TED-PAYMENTAGGREGATOR ESCROW-VIRENDRAK UMARRATANLAL GANDHI-UTIBN62025071972882,Receipt,,2805.00,2805.00,H D F C Bank Jhabua 50200060244460,Phone Pyee,178308.60,UTIBN62025072085337729
20-07-2025,NEFTCR-UTIB0001506-PHONEPEPRIVATELIMI TED-PAYMENTAGGREGATOR ESCROW-VIRENDRAK UMARRATANLAL GANDHI-UTIBN62025072085337 ACHD-AXISBANK-687B8831C5DA57B7D6F0847,Payment,35653.00,,35653.00,H D F C Bank Jhabua 50200060244460,Axis Bank Ltd,142655.60,0000001074254495
21-07-2025,NEFTCR-UTIB0001506-PHONEPEPRIVATELIMI TED-PAYMENTAGGREGATOR ESCROW-VIRENDRAK UMARRATANLAL GANDHI-UTIBN62025072195219,Receipt,,7510.00,7510.00,H D F C Bank Jhabua 50200060244460,Phone Pyee,150165.60,UTIBN62025072195219340
22-07-2025,NEFTCR-UTIB0001506-PHONEPEPRIVATELIMI TED-PAYMENTAGGREGATOR ESCROW-VIRENDRAK UMARRATANLAL GANDHI-UTIBN62025072205938,Receipt,,3180.00,3180.00,H D F C Bank Jhabua 50200060244460,Phone Pyee,153345.60,UTIBN62025072205938959
23-07-2025,NEFTCR-UTIB0001506-PHONEPEPRIVATELIMI TED-PAYMENTAGGREGATOR ESCROW-VIRENDRAK UMARRATANLAL,Receipt,,2445.00,2445.00,H D F C Bank Jhabua 50200060244460,Phone Pyee,155790.60,UTIBN62025072316877739
24-07-2025,GANDHI-UTIBN62025072316877,Receipt,,29615.00,29615.00,H D F C Bank Jhabua 50200060244460,A,185405.60,UTIBN62025072427822135
25-07-2025,NEFTCR-UTIB0001506-PHONEPEPRIVATELIMI TED-PAYMENTAGGREGATOR ESCROW-VIRENDRAK UMARRATANLAL GANDHI-UTIBN62025072427822,Receipt,,137606.12,137606.12,H D F C Bank Jhabua 50200060244460,Phone Pyee,323011.72,UTIBN62025072538444416
26-07-2025,NEFTCR-UTIB0001506-PHONEPEPRIVATELIMI TED-PAYMENTAGGREGATOR ESCROW-VIRENDRAK UMARRATANLAL GANDHI-UTIBN62025072538444,Receipt,,820.00,820.00,H D F C Bank Jhabua 50200060244460,Phone Pyee,323831.72,UTIBN62025072649273523
27-07-2025,NEFTCR-UTIB0001506-PHONEPEPRIVATELIMI TED-PAYMENTAGGREGATOR ESCROW-VIRENDRAK UMARRATANLAL GANDHI-UTIBN62025072649273,Receipt,,20495.00,20495.00,H D F C Bank Jhabua 50200060244460,Phone Pyee,344326.72,UTIBN62025072759082010
28-07-2025,NEFTCR-UTIB0001506-PHONEPEPRIVATELIMI TED-PAYMENTAGGREGATOR ESCROW-VIRENDRAK UMARRATANLAL GANDHI-UTIBN62025072759082,Receipt,,290.00,290.00,H D F C Bank Jhabua 50200060244460,Phone Pyee,344616.72,UTIBN62025072868389929
29-07-2025,NEFTCR-UTIB0001506-PHONEPEPRIVATELIMI TED-PAYMENTAGGREGATOR ESCROW-VIRENDRAK UMARRATANLAL GANDHI-UTIBN62025072868389,Receipt,,3180.00,3180.00,H D F C Bank Jhabua 50200060244460,Phone Pyee,347796.72,UTIBN62025072979106752
30-07-2025,NEFTCR-UTIB0001506-PHONEPEPRIVATELIMI TED-PAYMENTAGGREGATOR ESCROW-VIRENDRAK UMARRATANLAL GANDHI-UTIBN62025072979106,Receipt,,4630.00,4630.00,H D F C Bank Jhabua 50200060244460,Phone Pyee,352426.72,UTIBN62025073089
31-07-2025,TED-PAYMENTAGGREGATOR,Receipt,,25000.00,25000.00,H D F C Bank Jhabua 50200060244460,A,377426.72,142054
31-07-2025,ESCROW-VIRENDRAK UMARRATANLAL GANDHI-UTIBN62025073089142,Payment,52750.00,,52750.00,H D F C Bank Jhabua 50200060244460,A,324676.72,UTIBN62025073100478995
31-07-2025,NEFTCR-UTIB0001506-PHONEPEPRIVATELIMI TED-PAYMENTAGGREGATOR ESCROW-VIRENDRAK UMARRATANLAL GANDHI-UTIBN62025073100478,Payment,49600.00,,49600.00,H D F C Bank Jhabua 50200060244460,A,275076.72,HDFCN52025073184418829
01-08-2025,"NEFTDR-SBIN0030418-JAYANTRAJMARKETING INDORE-NETBANK, MUM-HDFCN520250731844188 29-BILL",Receipt,,1800.00,1800.00,H D F C Bank Jhabua 50200060244460,Jayant Raj Marketing Indore1,276876.72,HDFCN52025073184420526
02-08-2025,"NEFTDR-ICIC0004061-TULSITRADERS-NETBAN K,MUM-HDFCN52025073184420526-BILL",Receipt,,68870.00,68870.00,H D F C Bank Jhabua 50200060244460,A,345746.72,UTIBN62025080112120804
03-08-2025,NEFTCR-UTIB0001506-PHONEPEPRIVATELIMI TED-PAYMENTAGGREGATOR ESCROW-VIRENDRAK UMARRATANLAL GANDHI-UTIBN62025080112120,Receipt,,37515.00,37515.00,H D F C Bank Jhabua 50200060244460,Phone Pyee,383261.72,UTIBN62025080223646418
04-08-2025,NEFTCR-UTIB0001506-PHONEPEPRIVATELIMI TED-PAYMENTAGGREGATOR ESCROW-VIRENDRAK UMARRATANLAL GANDHI-UTIBN62025080223646,Receipt,,3807.56,3807.56,H D F C Bank Jhabua 50200060244460,Phone Pyee,387069.28,UTIBN62025080334399208
05-08-2025,ESCROW-VIRENDRAK,Receipt,,1970.12,1970.12,H D F C Bank Jhabua 50200060244460,A,389039.40,UTIBN62025080554603466
06-08-2025,UMARRATANLAL GANDHI-UTIBN62025080443658,Receipt,,5805.16,5805.16,H D F C Bank Jhabua 50200060244460,A,394844.56,UTIBN62025080665855661
07-08-2025,NEFTCR-UTIB0001506-PHONEPEPRIVATELIMI TED-PAYMENTAGGREGATOR ESCROW-VIRENDRAK UMARRATANLAL GANDHI-UTIBN62025080554603,Receipt,,2370.00,2370.00,H D F C Bank Jhabua 50200060244460,Phone Pyee,397214.56,UTIBN62025080776919145
07-08-2025,NEFTCR-UTIB0001506-PHONEPELIMITED-PAYM ENTAGGREGATORESCROW ACCOUNT-VIRENDRAK UMARRATANLAL GANDHI-UTIBN62025080665855,Payment,54498.00,,54498.00,H D F C Bank Jhabua 50200060244460,A,342716.56,000000000000000
07-08-2025,NEFTCR-UTIB0001506-PHONEPELIMITED-PAYM ENTAGGREGATORESCROW ACCOUNT-VIRENDRAK UMARRATANLAL GANDHI-UTIBN62025080776919 EMI801020320CHQS80102032000610825801 020320,Payment,250000.00,,250000.00,H D F C Bank Jhabua 50200060244460,A,92716.56,HDFCN52025080700748581
08-08-2025,"NEFTDR-UTIB0001793-TARUNTRADERSJOBAT NEW-NETBANK, MUM-HDFCN52025080700748581- BILL",Receipt,,8810.00,8810.00,H D F C Bank Jhabua 50200060244460,Tarun Traders Jobat,101526.56,UTIBN62025080889087262
09-08-2025,NEFTCR-UTIB0001506-PHONEPELIMITED-PAYM ENTAGGREGATORESCROW ACCOUNT-VIRENDRAK UMARRATANLAL GANDHI-UTIBN62025080889087,Receipt,,6957.00,6957.00,H D F C Bank Jhabua 50200060244460,Phone Pyee,108483.56,UTIBN62025080901284063
10-08-2025,UMARRATANLAL,Receipt,,41640.00,41640.00,H D F C Bank Jhabua 50200060244460,A,150123.56,UTIBN62025081010409255
11-08-2025,GANDHI-UTIBN62025080901284,Receipt,,670.00,670.00,H D F C Bank Jhabua 50200060244460,A,150793.56,UTIBN62025081119409853
12-08-2025,NEFTCR-UTIB0001506-PHONEPELIMITED-PAYM ENTAGGREGATORESCROW ACCOUNT-VIRENDRAK UMARRATANLAL GANDHI-UTIBN62025081010409,Receipt,,4270.00,4270.00,H D F C Bank Jhabua 50200060244460,Phone Pyee,155063.56,UTIBN62025081230370570
13-08-2025,NEFTCR-UTIB0001506-PHONEPELIMITED-PAYM ENTAGGREGATORESCROW ACCOUNT-VIRENDRAK UMARRATANLAL GANDHI-UTIBN62025081119409,Receipt,,2319.00,2319.00,H D F C Bank Jhabua 50200060244460,Phone Pyee,157382.56,UTIBN62025081340887779
13-08-2025,NEFTCR-UTIB0001506-PHONEPELIMITED-PAYM ENTAGGREGATORESCROW ACCOUNT-VIRENDRAK UMARRATANLAL GANDHI-UTIBN62025081230370,Payment,22060.00,,22060.00,H D F C Bank Jhabua 50200060244460,A,135322.56,HDFCN52025081314126790
13-08-2025,NEFTCR-UTIB0001506-PHONEPELIMITED-PAYM ENTAGGREGATORESCROW ACCOUNT-VIRENDRAK UMARRATANLAL GANDHI-UTIBN62025081340887,Payment,18470.00,,18470.00,H D F C Bank Jhabua 50200060244460,A,116852.56,0000000150614133
14-08-2025,"NEFTDR-SBIN0002888-NANALALMIYACHAND NA HARRANAPUR-NETBANK, MUM-HDFCN5202508131 4126790-BILL 50200091095120-TPT-BILL-BAJARANGNAMKIN BHANDAR",Receipt,,2609.30,2609.30,H D F C Bank Jhabua 50200060244460,A,119461.86,UTIBN62025081451674023
14-08-2025,UMARRATANLAL,Receipt,,250000.00,250000.00,H D F C Bank Jhabua 50200060244460,A,369461.86,000000000000000
15-08-2025,GANDHI-UTIBN62025081451674,Receipt,,6770.00,6770.00,H D F C Bank Jhabua 50200060244460,A,376231.86,UTIBN62025081562532604
16-08-2025,CASHDEPOSITBY-SELF-JOBAT,Contra,,12075.00,12075.00,H D F C Bank Jhabua 50200060244460,Cash,388306.86,UTIBN62025081671614169
17-08-2025,NEFTCR-UTIB0001506-PHONEPELIMITED-PAYM ENTAGGREGATORESCROW ACCOUNT-VIRENDRAK UMARRATANLAL GANDHI-UTIBN62025081562532,Receipt,,2034.00,2034.00,H D F C Bank Jhabua 50200060244460,Phone Pyee,390340.86,UTIBN62025081781230426
18-08-2025,NEFTCR-UTIB0001506-PHONEPELIMITED-PAYM ENTAGGREGATORESCROW ACCOUNT-VIRENDRAK UMARRATANLAL GANDHI-UTIBN62025081671614,Receipt,,6265.00,6265.00,H D F C Bank Jhabua 50200060244460,Phone Pyee,396605.86,UTIBN62025081889851537
18-08-2025,NEFTCR-UTIB0001506-PHONEPELIMITED-PAYM ENTAGGREGATORESCROW ACCOUNT-VIRENDRAK UMARRATANLAL GANDHI-UTIBN62025081781230,Payment,200000.00,,200000.00,H D F C Bank Jhabua 50200060244460,A,196605.86,HDFCN52025081818570130
19-08-2025,NEFTCR-UTIB0001506-PHONEPELIMITED-PAYM ENTAGGREGATORESCROW ACCOUNT-VIRENDRAK UMARRATANLAL GANDHI-UTIBN62025081889851,Receipt,,5225.00,5225.00,H D F C Bank Jhabua 50200060244460,Phone Pyee,201830.86,UTIBN62025081900117345
20-08-2025,"NEFTDR-KKBK0000826-RAJINDUSRIESDAHOD- NETBANK,MUM-HDFCN52025081818570130-BILL",Receipt,,2630.97,2630.97,H D F C Bank Jhabua 50200060244460,A,204461.83,UTIBN62025082010203683
20-08-2025,ACCOUNT-VIRENDRAK,Payment,35653.00,,35653.00,H D F C Bank Jhabua 50200060244460,A,168808.83,0000002579292293
21-08-2025,UMARRATANLAL GANDHI-UTIBN62025082010203 ACHD-AXISBANK-68A43F6106F28C53CD34695,Receipt,,42445.00,42445.00,H D F C Bank Jhabua 50200060244460,Axis Bank Ltd,211253.83,UTIBN62025082120807447
22-08-2025,NEFTCR-UTIB0001506-PHONEPELIMITED-PAYM ENTAGGREGATORESCROW ACCOUNT-VIRENDRAK UMARRATANLAL GANDHI-UTIBN62025082120807,Receipt,,5610.00,5610.00,H D F C Bank Jhabua 50200060244460,Phone Pyee,216863.83,UTIBN62025082231007656
23-08-2025,NEFTCR-UTIB0001506-PHONEPELIMITED-PAYM ENTAGGREGATORESCROW ACCOUNT-VIRENDRAK UMARRATANLAL GANDHI-UTIBN62025082231007,Receipt,,1920.00,1920.00,H D F C Bank Jhabua 50200060244460,Phone Pyee,218783.83,UTIBN62025082344238026
23-08-2025,NEFTCR-UTIB0001506-PHONEPELIMITED-PAYM ENTAGGREGATORESCROW ACCOUNT-VIRENDRAK UMARRATANLAL GANDHI-UTIBN62025082344238,Payment,150000.00,,150000.00,H D F C Bank Jhabua 50200060244460,A,68783.83,HDFCN52025082327917184
23-08-2025,"NEFTDR-BKID0009801-SHREEKESHRIYATRADI NGBAG-NETBANK, MUM-HDFCN520250823279171 84-BILL 50200016930119-TPT-BILL-GURUJITRADINGC OMPANY",Payment,6960.00,,6960.00,H D F C Bank Jhabua 50200060244460,Guruji Trading Comp.Jobat,61823.83,0000000468938754
24-08-2025,NEFTCR-UTIB0001506-PHONEPELIMITED-PAYM ENTAGGREGATORESCROW ACCOUNT-VIRENDRAK UMARRATANLAL GANDHI-UTIBN62025082454028,Receipt,,29305.00,29305.00,H D F C Bank Jhabua 50200060244460,Phone Pyee,91128.83,UTIBN62025082454028831
25-08-2025,NEFTCR-UTIB0001506-PHONEPELIMITED-PAYM ENTAGGREGATORESCROW,Receipt,,35670.00,35670.00,H D F C Bank Jhabua 50200060244460,Phone Pyee,126798.83,UTIBN62025082563198704
26-08-2025,ACCOUNT-VIRENDRAK,Receipt,,33530.86,33530.86,H D F C Bank Jhabua 50200060244460,A,160329.69,UTIBN62025082674260011
27-08-2025,UMARRATANLAL GANDHI-UTIBN62025082563198,Receipt,,32810.00,32810.00,H D F C Bank Jhabua 50200060244460,A,193139.69,UTIBN62025082784894387
28-08-2025,NEFTCR-UTIB0001506-PHONEPELIMITED-PAYM ENTAGGREGATORESCROW ACCOUNT-VIRENDRAK UMARRATANLAL GANDHI-UTIBN62025082674260,Receipt,,700.00,700.00,H D F C Bank Jhabua 50200060244460,Phone Pyee,193839.69,UTIBN62025082894419775
29-08-2025,NEFTCR-UTIB0001506-PHONEPELIMITED-PAYM ENTAGGREGATORESCROW ACCOUNT-VIRENDRAK UMARRATANLAL GANDHI-UTIBN62025082784894,Receipt,,76844.76,76844.76,H D F C Bank Jhabua 50200060244460,Phone Pyee,270684.45,UTIBN62025082904836394
30-08-2025,NEFTCR-UTIB0001506-PHONEPELIMITED-PAYM ENTAGGREGATORESCROW ACCOUNT-VIRENDRAK UMARRATANLAL GANDHI-UTIBN62025082894419,Receipt,,5565.00,5565.00,H D F C Bank Jhabua 50200060244460,Phone Pyee,276249.45,UTIBN62025083015795657
31-08-2025,NEFTCR-UTIB0001506-PHONEPELIMITED-PAYM ENTAGGREGATORESCROW ACCOUNT-VIRENDRAK UMARRATANLAL GANDHI-UTIBN62025082904836,Receipt,,3059.50,3059.50,H D F C Bank Jhabua 50200060244460,Phone Pyee,279308.95,UTIBN62025083126842509
01-09-2025,GANDHI-UTIBN62025083126842,Receipt,,11680.00,11680.00,H D F C Bank Jhabua 50200060244460,A,290988.95,UTIBN62025090136378597
02-09-2025,NEFTCR-UTIB0001506-PHONEPELIMITED-PAYM ENTAGGREGATORESCROW ACCOUNT-VIRENDRAK UMARRATANLAL GANDHI-UTIBN62025090136378,Receipt,,635.00,635.00,H D F C Bank Jhabua 50200060244460,Phone Pyee,291623.95,UTIBN62025090247985733
03-09-2025,NEFTCR-UTIB0001506-PHONEPELIMITED-PAYM ENTAGGREGATORESCROW ACCOUNT-VIRENDRAK UMARRATANLAL GANDHI-UTIBN62025090247985,Receipt,,8148.00,8148.00,H D F C Bank Jhabua 50200060244460,Phone Pyee,299771.95,UTIBN62025090358761092
04-09-2025,NEFTCR-UTIB0001506-PHONEPELIMITED-PAYM ENTAGGREGATORESCROW ACCOUNT-VIRENDRAK UMARRATANLAL GANDHI-UTIBN62025090358761,Receipt,,4349.94,4349.94,H D F C Bank Jhabua 50200060244460,Phone Pyee,304121.89,UTIBN62025090469905463
04-09-2025,NEFTCR-UTIB0001506-PHONEPELIMITED-PAYM ENTAGGREGATORESCROW ACCOUNT-VIRENDRAK UMARRATANLAL GANDHI-UTIBN62025090469905,Payment,61900.00,,61900.00,H D F C Bank Jhabua 50200060244460,A,242221.89,HDFCN52025090450056023
04-09-2025,"NEFTDR-BKID0009801-SHREEKESHRIYATRADI NGBAG-NETBANK, MUM-HDFCN520250904500560 23-BILL",Payment,57705.00,,57705.00,H D F C Bank Jhabua 50200060244460,A,184516.89,HDFCN52025090450388810
04-09-2025,"NEFTDR-UTIB0001793-RATNRAJPROVHIJANST OREJOBAT-NETBANK, MUM-HDFCN520250904503 88810-BILL",Payment,150000.00,,150000.00,H D F C Bank Jhabua 50200060244460,A,34516.89,HDFCN52025090452207088
05-09-2025,"NEFTDR-KKBK0000826-RAJINDUSRIESDAHOD- NETBANK,MUM-HDFCN52025090452207088-BILL",Receipt,,1600.00,1600.00,H D F C Bank Jhabua 50200060244460,A,36116.89,UTIBN62025090580
06-09-2025,ENTAGGREGATORESCROW,Receipt,,78527.56,78527.56,H D F C Bank Jhabua 50200060244460,A,114644.45,863243
07-09-2025,ACCOUNT-VIRENDRAK UMARRATANLAL GANDHI-UTIBN62025090580863,Receipt,,3315.00,3315.00,H D F C Bank Jhabua 50200060244460,A,117959.45,UTIBN62025090691124896
07-09-2025,NEFTCR-UTIB0001506-PHONEPELIMITED-PAYM ENTAGGREGATORESCROW ACCOUNT-VIRENDRAK UMARRATANLAL GANDHI-UTIBN62025090691124,Payment,54498.00,,54498.00,H D F C Bank Jhabua 50200060244460,A,63461.45,UTIBN62025090702035556
08-09-2025,NEFTCR-UTIB0001506-PHONEPELIMITED-PAYM ENTAGGREGATORESCROW ACCOUNT-VIRENDRAK UMARRATANLAL GANDHI-UTIBN62025090702035 EMI801020320CHQS80102032000710925801 020320,Receipt,,1260.00,1260.00,H D F C Bank Jhabua 50200060244460,Phone Pyee,64721.45,000000000000000
09-09-2025,NEFTCR-UTIB0001506-PHONEPELIMITED-PAYM ENTAGGREGATORESCROW ACCOUNT-VIRENDRAK UMARRATANLAL GANDHI-UTIBN62025090811110,Receipt,,12635.00,12635.00,H D F C Bank Jhabua 50200060244460,Phone Pyee,77356.45,UTIBN62025090811110490
10-09-2025,NEFTCR-UTIB0001506-PHONEPELIMITED-PAYM ENTAGGREGATORESCROW ACCOUNT-VIRENDRAK UMARRATANLAL GANDHI-UTIBN62025090921906,Receipt,,33485.00,33485.00,H D F C Bank Jhabua 50200060244460,Phone Pyee,110841.45,UTIBN62025090921906633
10-09-2025,NEFTCR-UTIB0001506-PHONEPELIMITED-PAYM ENTAGGREGATORESCROW ACCOUNT-VIRENDRAK UMARRATANLAL GANDHI-UTIBN62025091033816,Receipt,,19700.00,19700.00,H D F C Bank Jhabua 50200060244460,Phone Pyee,130541.45,UTIBN62025091033816196
10-09-2025,DHIKSHAKBALAK:STATEBANKOFINDIA,Receipt,,17500.00,17500.00,H D F C Bank Jhabua 50200060244460,A,148041.45,0000000000658197
10-09-2025,CHQDEP-MICR8CLEARING-ALIRAJPUR:A DHIKSHAKBALAK:STATEBANKOFINDIA,Receipt,,6950.00,6950.00,H D F C Bank Jhabua 50200060244460,A,154991.45,0000000000658198
10-09-2025,CHQDEP-MICR8CLEARING-ALIRAJPUR:A DHIKSHAKBALAKAASHRAM:STATEBANKOF IN DIA,Receipt,,13000.00,13000.00,H D F C Bank Jhabua 50200060244460,A,167991.45,0000000000658200
10-09-2025,CHQDEP-MICR8CLEARING-ALIRAJPUR:A DHIKSHAKBALAKAASHRAM:STATEBANKOF IN DIA,Receipt,,12340.00,12340.00,H D F C Bank Jhabua 50200060244460,A,180331.45,0000000000697751
10-09-2025,CHQDEP-MICR8CLEARING-ALIRAJPUR:A DHIKSHAKGOVTADIWASIBALAK:STATE BANK OFINDIA,Receipt,,7660.00,7660.00,H D F C Bank Jhabua 50200060244460,A,187991.45,0000000000697752
10-09-2025,CHQDEP-MICR8CLEARING-ALIRAJPUR:A DHIKSHAKGOVTADIWASIBALAK:STATE BANK OFINDIA,Receipt,,37614.00,37614.00,H D F C Bank Jhabua 50200060244460,A,225605.45,0000000000824333
11-09-2025,CHQDEP-MICR8CLEARING-ALIRAJPUR:A DHIKSHAKGOVTADIWASIBALAK:STATE BANK OFINDIA,Receipt,,95785.00,95785.00,H D F C Bank Jhabua 50200060244460,A,321390.45,UTIBN62025091145854484
11-09-2025,NEFTCR-UTIB0001506-PHONEPELIMITED-PAYM ENTAGGREGATORESCROW ACCOUNT-VIRENDRAK UMARRATANLAL GANDHI-UTIBN62025091145854,Payment,100000.00,,100000.00,H D F C Bank Jhabua 50200060244460,A,221390.45,HDFCN52025091168376918
12-09-2025,NEFTCR-UTIB0001506-PHONEPELIMITED-PAYM,Receipt,,5125.00,5125.00,H D F C Bank Jhabua 50200060244460,Phone Pyee,226515.45,UTIBN62025091257067345
13-09-2025,ENTAGGREGATORESCROW ACCOUNT-VIRENDRAK UMARRATANLAL GANDHI-UTIBN62025091257067,Receipt,,1985.00,1985.00,H D F C Bank Jhabua 50200060244460,A,228500.45,UTIBN62025091371613065
14-09-2025,NEFTCR-UTIB0001506-PHONEPELIMITED-PAYM ENTAGGREGATORESCROW ACCOUNT-VIRENDRAK UMARRATANLAL GANDHI-UTIBN62025091371613,Receipt,,700.00,700.00,H D F C Bank Jhabua 50200060244460,Phone Pyee,229200.45,UTIBN62025091482571698
15-09-2025,NEFTCR-UTIB0001506-PHONEPELIMITED-PAYM ENTAGGREGATORESCROW ACCOUNT-VIRENDRAK UMARRATANLAL GANDHI-UTIBN62025091482571,Receipt,,31898.50,31898.50,H D F C Bank Jhabua 50200060244460,Phone Pyee,261098.95,UTIBN62025091591777133
16-09-2025,NEFTCR-UTIB0001506-PHONEPELIMITED-PAYM ENTAGGREGATORESCROW ACCOUNT-VIRENDRAK UMARRATANLAL GANDHI-UTIBN62025091591777,Receipt,,5810.00,5810.00,H D F C Bank Jhabua 50200060244460,Phone Pyee,266908.95,UTIBN62025091603533430
17-09-2025,NEFTCR-UTIB0001506-PHONEPELIMITED-PAYM ENTAGGREGATORESCROW ACCOUNT-VIRENDRAK UMARRATANLAL GANDHI-UTIBN62025091603533,Receipt,,9532.00,9532.00,H D F C Bank Jhabua 50200060244460,Phone Pyee,276440.95,UTIBN62025091714732409
17-09-2025,NEFTCR-UTIB0001506-PHONEPELIMITED-PAYM ENTAGGREGATORESCROW ACCOUNT-VIRENDRAK UMARRATANLAL GANDHI-UTIBN62025091714732,Payment,150000.00,,150000.00,H D F C Bank Jhabua 50200060244460,A,126440.95,HDFCN52025091779425674
18-09-2025,NEFTCR-UTIB0001506-PHONEPELIMITED-PAYM,Receipt,,117120.00,117120.00,H D F C Bank Jhabua 50200060244460,Phone Pyee,243560.95,UTIBN62025091825792430
19-09-2025,ENTAGGREGATORESCROW ACCOUNT-VIRENDRAK UMARRATANLAL GANDHI-UTIBN62025091825792,Receipt,,1250.00,1250.00,H D F C Bank Jhabua 50200060244460,A,244810.95,UTIBN62025091936607342
20-09-2025,NEFTCR-UTIB0001506-PHONEPELIMITED-PAYM ENTAGGREGATORESCROW ACCOUNT-VIRENDRAK UMARRATANLAL GANDHI-UTIBN62025091936607,Receipt,,11925.00,11925.00,H D F C Bank Jhabua 50200060244460,Phone Pyee,256735.95,UTIBN62025092047773872
20-09-2025,NEFTCR-UTIB0001506-PHONEPELIMITED-PAYM ENTAGGREGATORESCROW ACCOUNT-VIRENDRAK UMARRATANLAL GANDHI-UTIBN62025092047773 ACHD-AXISBANK-68CD097E7EACC522699A0A5,Payment,35653.00,,35653.00,H D F C Bank Jhabua 50200060244460,Axis Bank Ltd,221082.95,0000003124250775
21-09-2025,NEFTCR-UTIB0001506-PHONEPELIMITED-PAYM ENTAGGREGATORESCROW ACCOUNT-VIRENDRAK UMARRATANLAL GANDHI-UTIBN62025092158944,Receipt,,4575.00,4575.00,H D F C Bank Jhabua 50200060244460,Phone Pyee,225657.95,UTIBN62025092158944307
22-09-2025,NEFTCR-UTIB0001506-PHONEPELIMITED-PAYM ENTAGGREGATORESCROW ACCOUNT-VIRENDRAK UMARRATANLAL GANDHI-UTIBN62025092268240,Receipt,,7410.00,7410.00,H D F C Bank Jhabua 50200060244460,Phone Pyee,233067.95,UTIBN62025092268240016
23-09-2025,NEFTCR-UTIB0001506-PHONEPELIMITED-PAYM ENTAGGREGATORESCROW ACCOUNT-VIRENDRAK UMARRATANLAL GANDHI-UTIBN62025092379044,Receipt,,17260.00,17260.00,H D F C Bank Jhabua 50200060244460,Phone Pyee,250327.95,UTIBN62025092379044562
23-09-2025,NEFTDR-CBIN0MPDCAQ-MANDISHULK,Payment,27667.00,,27667.00,H D F C Bank Jhabua 50200060244460,A,222660.95,HDFCN52025092387
23-09-2025,KHATA-NE,Payment,2213.00,,2213.00,H D F C Bank Jhabua 50200060244460,A,220447.95,296602
24-09-2025,"TBANK, MUM-HDFCN52025092387296602-MANDIS HULK",Receipt,,2180.00,2180.00,H D F C Bank Jhabua 50200060244460,A,222627.95,HDFCN52025092387296069
25-09-2025,"NEFTDR-CBIN0MPDCAQ-MANDISHULK KHATA-NE TBANK, MUM-HDFCN52025092387296069-MANDIS HULK",Receipt,,49850.00,49850.00,H D F C Bank Jhabua 50200060244460,A,272477.95,UTIBN62025092490092669
25-09-2025,NEFTCR-UTIB0001506-PHONEPELIMITED-PAYM ENTAGGREGATORESCROW ACCOUNT-VIRENDRAK UMARRATANLAL GANDHI-UTIBN62025092490092,Receipt,,15405.00,15405.00,H D F C Bank Jhabua 50200060244460,Phone Pyee,287882.95,UTIBN62025092501363722
25-09-2025,NEFTCR-UTIB0001506-PHONEPELIMITED-PAYM ENTAGGREGATORESCROW ACCOUNT-VIRENDRAK UMARRATANLAL GANDHI-UTIBN62025092501363,Receipt,,19700.00,19700.00,H D F C Bank Jhabua 50200060244460,Phone Pyee,307582.95,0000000000658207
25-09-2025,CHQDEP-MICR8CLEARING-ALIRAJPUR:A DHIKSHAKBALAKAASHRA:STATEBANKOF IND IA,Receipt,,13520.00,13520.00,H D F C Bank Jhabua 50200060244460,A,321102.95,0000000000658206
25-09-2025,CHQDEP-MICR8CLEARING-ALIRAJPUR:A DHIKSHAKBALAKAASHRA:STATEBANKOF IND IA,Receipt,,8200.00,8200.00,H D F C Bank Jhabua 50200060244460,A,329302.95,0000000000697754
26-09-2025,DHIKSHAKBALAKAASHRAM:STATEBANKOF,Receipt,,11480.00,11480.00,H D F C Bank Jhabua 50200060244460,A,340782.95,UTIBN62025092612439945
27-09-2025,IN DIA,Receipt,,4630.00,4630.00,H D F C Bank Jhabua 50200060244460,A,345412.95,UTIBN62025092723663045
27-09-2025,NEFTCR-UTIB0001506-PHONEPELIMITED-PAYM ENTAGGREGATORESCROW ACCOUNT-VIRENDRAK UMARRATANLAL GANDHI-UTIBN62025092612439,Payment,19635.00,,19635.00,H D F C Bank Jhabua 50200060244460,A,325777.95,0000101554469983
28-09-2025,NEFTCR-UTIB0001506-PHONEPELIMITED-PAYM ENTAGGREGATORESCROW ACCOUNT-VIRENDRAK UMARRATANLAL GANDHI-UTIBN62025092723663,Receipt,,6090.00,6090.00,H D F C Bank Jhabua 50200060244460,Phone Pyee,331867.95,UTIBN62025092833310086
29-09-2025,UPI-MSTIRTHANKAR24 PR-MSTIRTHANKAR24P RIVATELIMITED.EAZYPAY@ICICI-NA-101554469 983-BILL,Receipt,,126620.00,126620.00,H D F C Bank Jhabua 50200060244460,A,458487.95,UTIBN62025092942360874
29-09-2025,NEFTCR-UTIB0001506-PHONEPELIMITED-PAYM ENTAGGREGATORESCROW ACCOUNT-VIRENDRAK UMARRATANLAL GANDHI-UTIBN62025092833310,Payment,123978.00,,123978.00,H D F C Bank Jhabua 50200060244460,A,334509.95,HDFCN52025092996986751
30-09-2025,NEFTCR-UTIB0001506-PHONEPELIMITED-PAYM ENTAGGREGATORESCROW ACCOUNT-VIRENDRAK UMARRATANLAL GANDHI-UTIBN62025092942360,Receipt,,46005.00,46005.00,H D F C Bank Jhabua 50200060244460,Phone Pyee,380514.95,UTIBN62025093057
01-10-2025,ENTAGGREGATORESCROW,Receipt,,20709.68,20709.68,H D F C Bank Jhabua 50200060244460,A,401224.63,083544
02-10-2025,ACCOUNT-VIRENDRAK UMARRATANLAL GANDHI-UTIBN62025093057083,Receipt,,6247.75,6247.75,H D F C Bank Jhabua 50200060244460,A,407472.38,UTIBN62025100169510713
03-10-2025,NEFTCR-UTIB0001506-PHONEPELIMITED-PAYM ENTAGGREGATORESCROW ACCOUNT-VIRENDRAK UMARRATANLAL GANDHI-UTIBN62025100169510,Receipt,,56520.00,56520.00,H D F C Bank Jhabua 50200060244460,Phone Pyee,463992.38,UTIBN62025100281413311
04-10-2025,NEFTCR-UTIB0001506-PHONEPELIMITED-PAYM ENTAGGREGATORESCROW ACCOUNT-VIRENDRAK UMARRATANLAL GANDHI-UTIBN62025100281413,Receipt,,985.00,985.00,H D F C Bank Jhabua 50200060244460,Phone Pyee,464977.38,UTIBN62025100390654585
04-10-2025,NEFTCR-UTIB0001506-PHONEPELIMITED-PAYM ENTAGGREGATORESCROW ACCOUNT-VIRENDRAK UMARRATANLAL GANDHI-UTIBN62025100390654,Payment,49496.00,,49496.00,H D F C Bank Jhabua 50200060244460,A,415481.38,UTIBN62025100402970676
04-10-2025,NEFTCR-UTIB0001506-PHONEPELIMITED-PAYM ENTAGGREGATORESCROW ACCOUNT-VIRENDRAK UMARRATANLAL GANDHI-UTIBN62025100402970,Payment,235048.00,,235048.00,H D F C Bank Jhabua 50200060244460,A,180433.38,0000527710331514
05-10-2025,IMPS-527710331514-BAJRANGNAMKEEN BHANDA RBAGH-HDFC-XXXXXXXXXX5120-BILL,Receipt,,5775.87,5775.87,H D F C Bank Jhabua 50200060244460,BAJRANG NAMKEEN BHANDAR BAGH,186209.25,HDFCR52025100468302256
06-10-2025,ENTAGGREGATORESCROW,Receipt,,4089.20,4089.20,H D F C Bank Jhabua 50200060244460,A,190298.45,421349
07-10-2025,ACCOUNT-VIRENDRAK UMARRATANLAL GANDHI-UTIBN62025100515421,Receipt,,1760.00,1760.00,H D F C Bank Jhabua 50200060244460,A,192058.45,UTIBN62025100624780044
07-10-2025,NEFTCR-UTIB0001506-PHONEPELIMITED-PAYM ENTAGGREGATORESCROW ACCOUNT-VIRENDRAK UMARRATANLAL GANDHI-UTIBN62025100624780,Payment,18.88,,18.88,H D F C Bank Jhabua 50200060244460,A,192039.57,UTIBN62025100736090521
07-10-2025,NEFTCR-UTIB0001506-PHONEPELIMITED-PAYM ENTAGGREGATORESCROW ACCOUNT-VIRENDRAK UMARRATANLAL GANDHI-UTIBN62025100736090 APRJUN25INSTAALERTCHG80SMS070725-CDT 2527836087999 EMI801020320CHQS80102032000811025801 020320,Payment,54498.00,,54498.00,H D F C Bank Jhabua 50200060244460,A,137541.57,CDT2527836087999
08-10-2025,NEFTCR-UTIB0001506-PHONEPELIMITED-PAYM ENTAGGREGATORESCROW ACCOUNT-VIRENDRAK UMARRATANLAL GANDHI-UTIBN62025100847627,Receipt,,58460.00,58460.00,H D F C Bank Jhabua 50200060244460,Phone Pyee,196001.57,000000000000000
08-10-2025,"NEFTDR-KKBK0000826-RAJINDUSRIESDAHOD- NETBANK,MUM-HDFCN52025100822900278-BILL",Payment,100000.00,,100000.00,H D F C Bank Jhabua 50200060244460,A,96001.57,UTIBN62025100847627563
09-10-2025,NEFTCR-UTIB0001506-PHONEPELIMITED-PAYM ENTAGGREGATORESCROW ACCOUNT-VIRENDRAK UMARRATANLAL GANDHI-UTIBN62025100959400 HGAJP0B1AD0138014394-MPPASCHIMKS-BILLPAY -50200026202917,Receipt,,1935.00,1935.00,H D F C Bank Jhabua 50200060244460,Phone Pyee,97936.57,HDFCN52025100822900278
09-10-2025,No Description,Payment,5150.00,,5150.00,H D F C Bank Jhabua 50200060244460,A,92786.57,UTIBN62025100959400812
09-10-2025,HGAJP0293C0138030515-MPPASCHIMKS-BILLPAY,Payment,1846.00,,1846.00,H D F C Bank Jhabua 50200060244460,A,90940.57,0000000315766912
10-10-2025,-50200026202917,Receipt,,13735.00,13735.00,H D F C Bank Jhabua 50200060244460,A,104675.57,UTIBN62025101071245343
10-10-2025,NEFTCR-UTIB0001506-PHONEPELIMITED-PAYM ENTAGGREGATORESCROW ACCOUNT-VIRENDRAK UMARRATANLAL GANDHI-UTIBN62025101071245,Payment,37500.00,,37500.00,H D F C Bank Jhabua 50200060244460,A,67175.57,HDFCN52025101026069860
10-10-2025,"NEFTDR-BKID0009801-SHREEKESHRIYATRADI NGBAG-NETBANK, MUM-HDFCN520251010260698 60-BILL",Payment,40000.00,,40000.00,H D F C Bank Jhabua 50200060244460,A,27175.57,HDFCN52025101026067007
10-10-2025,"NEFTDR-UTIB0001793-RATNRAJPROVHIJANST OREJOBAT-NETBANK, MUM-HDFCN520251010260 67007-BILL DEBITCARDANNUALFEE-SEP-2025150925-CD T2528336257677",Payment,354.00,,354.00,H D F C Bank Jhabua 50200060244460,A,26821.57,CDT2528336257677
11-10-2025,NEFTCR-UTIB0001506-PHONEPELIMITED-PAYM ENTAGGREGATORESCROW ACCOUNT-VIRENDRAK UMARRATANLAL GANDHI-UTIBN62025101183712,Receipt,,1010.00,1010.00,H D F C Bank Jhabua 50200060244460,Phone Pyee,27831.57,UTIBN62025101183712831
12-10-2025,NEFTCR-UTIB0001506-PHONEPELIMITED-PAYM ENTAGGREGATORESCROW ACCOUNT-VIRENDRAK UMARRATANLAL GANDHI-UTIBN62025101294250,Receipt,,27645.00,27645.00,H D F C Bank Jhabua 50200060244460,Phone Pyee,55476.57,UTIBN62025101294250652
13-10-2025,NEFTCR-UTIB0001506-PHONEPELIMITED-PAYM ENTAGGREGATORESCROW ACCOUNT-VIRENDRAK UMARRATANLAL GANDHI-UTIBN62025101304060,Receipt,,5260.00,5260.00,H D F C Bank Jhabua 50200060244460,Phone Pyee,60736.57,UTIBN62025101304060864
14-10-2025,NEFTCR-UTIB0001506-PHONEPELIMITED-PAYM,Receipt,,3528.00,3528.00,H D F C Bank Jhabua 50200060244460,Phone Pyee,64264.57,UTIBN62025101416334184
15-10-2025,ENTAGGREGATORESCROW ACCOUNT-VIRENDRAK UMARRATANLAL GANDHI-UTIBN62025101416334,Receipt,,15657.73,15657.73,H D F C Bank Jhabua 50200060244460,A,79922.30,UTIBN62025101528735056
16-10-2025,NEFTCR-UTIB0001506-PHONEPELIMITED-PAYM ENTAGGREGATORESCROW ACCOUNT-VIRENDRAK UMARRATANLAL GANDHI-UTIBN62025101528735,Receipt,,58295.00,58295.00,H D F C Bank Jhabua 50200060244460,Phone Pyee,138217.30,UTIBN62025101641626907
16-10-2025,NEFTCR-UTIB0001506-PHONEPELIMITED-PAYM ENTAGGREGATORESCROW ACCOUNT-VIRENDRAK UMARRATANLAL GANDHI-UTIBN62025101641626,Receipt,,500000.00,500000.00,H D F C Bank Jhabua 50200060244460,Phone Pyee,638217.30,000000000000000
16-10-2025,CASHDEPOSITBY-AMITGANDHI-ALIRAJPU R,Contra,400000.00,,400000.00,H D F C Bank Jhabua 50200060244460,Cash,238217.30,HDFCR52025101673338419
16-10-2025,"RTGSDR-BKID0009813-CHOUDHARY INTERPRISE -NETBANK,MUM-HDFCR52025101673338419-BIL L",Payment,60000.00,,60000.00,H D F C Bank Jhabua 50200060244460,Choudhary Enterprises,178217.30,HDFCN52025101641850793
17-10-2025,"NEFTDR-UTIB0001793-RATNRAJPROVHIJANST OREJOBAT-NETBANK, MUM-HDFCN520251016418 50793-BILL",Receipt,,20885.00,20885.00,H D F C Bank Jhabua 50200060244460,A,199102.30,UTIBN62025101754377203
18-10-2025,NEFTCR-UTIB0001506-PHONEPELIMITED-PAYM ENTAGGREGATORESCROW ACCOUNT-VIRENDRAK UMARRATANLAL GANDHI-UTIBN62025101754377,Receipt,,8795.00,8795.00,H D F C Bank Jhabua 50200060244460,Phone Pyee,207897.30,UTIBN62025101867642462
19-10-2025,ACCOUNT-VIRENDRAK,Receipt,,17710.00,17710.00,H D F C Bank Jhabua 50200060244460,A,225607.30,UTIBN62025101980515959
20-10-2025,UMARRATANLAL GANDHI-UTIBN62025101867642,Receipt,,25735.00,25735.00,H D F C Bank Jhabua 50200060244460,A,251342.30,UTIBN62025102091407339
20-10-2025,NEFTCR-UTIB0001506-PHONEPELIMITED-PAYM ENTAGGREGATORESCROW ACCOUNT-VIRENDRAK UMARRATANLAL GANDHI-UTIBN62025101980515,Payment,35653.00,,35653.00,H D F C Bank Jhabua 50200060244460,A,215689.30,0000003308775954
21-10-2025,NEFTCR-UTIB0001506-PHONEPELIMITED-PAYM ENTAGGREGATORESCROW ACCOUNT-VIRENDRAK UMARRATANLAL GANDHI-UTIBN62025102091407 ACHD-AXISBANK-68F3C1D5DD5AD03C4EC751F,Receipt,,26772.00,26772.00,H D F C Bank Jhabua 50200060244460,Phone Pyee,242461.30,UTIBN62025102102920046
22-10-2025,NEFTCR-UTIB0001506-PHONEPELIMITED-PAYM ENTAGGREGATORESCROW ACCOUNT-VIRENDRAK UMARRATANLAL GANDHI-UTIBN62025102102920,Receipt,,118243.00,118243.00,H D F C Bank Jhabua 50200060244460,Phone Pyee,360704.30,UTIBN62025102212885918
23-10-2025,NEFTCR-UTIB0001506-PHONEPELIMITED-PAYM ENTAGGREGATORESCROW ACCOUNT-VIRENDRAK UMARRATANLAL GANDHI-UTIBN62025102212885,Receipt,,21170.00,21170.00,H D F C Bank Jhabua 50200060244460,Phone Pyee,381874.30,UTIBN62025102323233324
23-10-2025,NEFTCR-UTIB0001506-PHONEPELIMITED-PAYM ENTAGGREGATORESCROW ACCOUNT-VIRENDRAK UMARRATANLAL GANDHI-UTIBN62025102323233,Payment,100000.00,,100000.00,H D F C Bank Jhabua 50200060244460,A,281874.30,0000101773377484
23-10-2025,UPI-SHABBIRBROTHERSPAT-9427807240-1@OK BIZAXIS-NA-101773377484-BILL,Payment,158605.00,,158605.00,H D F C Bank Jhabua 50200060244460,Shabbir Brothers,123269.30,HDFCN52025102352
24-10-2025,"K,MUM-HDFCN52025102352168656-BILL",Receipt,,14000.00,14000.00,H D F C Bank Jhabua 50200060244460,A,137269.30,168656
25-10-2025,NEFTCR-UTIB0001506-PHONEPELIMITED-PAYM ENTAGGREGATORESCROW ACCOUNT-VIRENDRAK UMARRATANLAL GANDHI-UTIBN62025102434222,Receipt,,27390.00,27390.00,H D F C Bank Jhabua 50200060244460,Phone Pyee,164659.30,UTIBN62025102434222302
26-10-2025,NEFTCR-UTIB0001506-PHONEPELIMITED-PAYM ENTAGGREGATORESCROW ACCOUNT-VIRENDRAK UMARRATANLAL GANDHI-UTIBN62025102545877,Receipt,,7100.00,7100.00,H D F C Bank Jhabua 50200060244460,Phone Pyee,171759.30,UTIBN62025102545877563
26-10-2025,NEFTCR-UTIB0001506-PHONEPELIMITED-PAYM ENTAGGREGATORESCROW ACCOUNT-VIRENDRAK UMARRATANLAL GANDHI-UTIBN62025102656112,Payment,91963.00,,91963.00,H D F C Bank Jhabua 50200060244460,A,79796.30,UTIBN62025102656112713
27-10-2025,"NEFTDR-UTIB0001793-RATNRAJPROVHIJANST OREJOBAT-NETBANK, MUM-HDFCN520251026560 98676-BILL",Receipt,,22750.00,22750.00,H D F C Bank Jhabua 50200060244460,A,102546.30,HDFCN52025102656098676
28-10-2025,NEFTCR-UTIB0001506-PHONEPELIMITED-PAYM ENTAGGREGATORESCROW ACCOUNT-VIRENDRAK UMARRATANLAL GANDHI-UTIBN62025102765844,Receipt,,70542.56,70542.56,H D F C Bank Jhabua 50200060244460,Phone Pyee,173088.86,UTIBN62025102765844966
29-10-2025,NEFTCR-UTIB0001506-PHONEPELIMITED-PAYM ENTAGGREGATORESCROW ACCOUNT-VIRENDRAK UMARRATANLAL GANDHI-UTIBN62025102877285,Receipt,,79394.00,79394.00,H D F C Bank Jhabua 50200060244460,Phone Pyee,252482.86,UTIBN62025102877285677
30-10-2025,ACCOUNT-VIRENDRAK,Receipt,,11554.00,11554.00,H D F C Bank Jhabua 50200060244460,A,264036.86,UTIBN62025103099703841
30-10-2025,UMARRATANLAL GANDHI-UTIBN62025102988207,Payment,200000.00,,200000.00,H D F C Bank Jhabua 50200060244460,A,64036.86,HDFCN52025103063938223
31-10-2025,NEFTCR-UTIB0001506-PHONEPELIMITED-PAYM ENTAGGREGATORESCROW ACCOUNT-VIRENDRAK UMARRATANLAL GANDHI-UTIBN62025103099703,Receipt,,2670.00,2670.00,H D F C Bank Jhabua 50200060244460,Phone Pyee,66706.86,UTIBN62025103111208507
31-10-2025,"NEFTDR-BKID0009813-CHOUDHARY INTERPRISE -NETBANK,MUM-HDFCN52025103063938223-BIL L",Payment,40000.00,,40000.00,H D F C Bank Jhabua 50200060244460,Choudhary Enterprises,26706.86,HDFCN52025103165151007
01-11-2025,NEFTCR-UTIB0001506-PHONEPELIMITED-PAYM ENTAGGREGATORESCROW ACCOUNT-VIRENDRAK UMARRATANLAL GANDHI-UTIBN62025103111208,Receipt,,5640.00,5640.00,H D F C Bank Jhabua 50200060244460,Phone Pyee,32346.86,UTIBN62025110123711631
02-11-2025,"NEFTDR-BKID0009801-SHREEKESHRIYATRADI NGBAG-NETBANK, MUM-HDFCN520251031651510 07-BILL",Receipt,,54579.00,54579.00,H D F C Bank Jhabua 50200060244460,A,86925.86,UTIBN62025110235412955
03-11-2025,NEFTCR-UTIB0001506-PHONEPELIMITED-PAYM ENTAGGREGATORESCROW ACCOUNT-VIRENDRAK UMARRATANLAL GANDHI-UTIBN62025110123711,Receipt,,9140.00,9140.00,H D F C Bank Jhabua 50200060244460,Phone Pyee,96065.86,UTIBN62025110345
04-11-2025,ENTAGGREGATORESCROW,Receipt,,3475.00,3475.00,H D F C Bank Jhabua 50200060244460,A,99540.86,250777
05-11-2025,ACCOUNT-VIRENDRAK UMARRATANLAL GANDHI-UTIBN62025110345250,Receipt,,9005.10,9005.10,H D F C Bank Jhabua 50200060244460,A,108545.96,UTIBN62025110457596617
05-11-2025,NEFTCR-UTIB0001506-PHONEPELIMITED-PAYM ENTAGGREGATORESCROW ACCOUNT-VIRENDRAK UMARRATANLAL GANDHI-UTIBN62025110457596,Payment,25226.00,,25226.00,H D F C Bank Jhabua 50200060244460,A,83319.96,UTIBN62025110569683607
06-11-2025,NEFTCR-UTIB0001506-PHONEPELIMITED-PAYM ENTAGGREGATORESCROW ACCOUNT-VIRENDRAK UMARRATANLAL GANDHI-UTIBN62025110569683 50200091095120-TPT-BILL-BAJARANGNAMKIN BHANDAR,Receipt,,1890.00,1890.00,H D F C Bank Jhabua 50200060244460,Phone Pyee,85209.96,0000000875866667
06-11-2025,NEFTCR-UTIB0001506-PHONEPELIMITED-PAYM ENTAGGREGATORESCROW ACCOUNT-VIRENDRAK UMARRATANLAL GANDHI-UTIBN62025110681191,Receipt,,19200.00,19200.00,H D F C Bank Jhabua 50200060244460,Phone Pyee,104409.96,UTIBN62025110681191412
06-11-2025,CHQDEP-CTSCLG1-ALIRAJPUR:ADHISHA K:STATEBANKOFINDIA,Receipt,,8250.00,8250.00,H D F C Bank Jhabua 50200060244460,A,112659.96,0000000000658215
06-11-2025,CHQDEP-CTSCLG1-ALIRAJPUR:ADHISHAK :STATEBANKOFINDIA,Receipt,,19800.00,19800.00,H D F C Bank Jhabua 50200060244460,A,132459.96,0000000000658211
06-11-2025,CHQDEP-CTSCLG1-ALIRAJPUR:ADHHIKSH AK:STATEBANKOFINDIA,Receipt,,10780.00,10780.00,H D F C Bank Jhabua 50200060244460,A,143239.96,0000000000658210
06-11-2025,CHQDEP-CTSCLG1-ALIRAJPUR:STATEBA NKOFINDIA:STATEBANKOFINDIA,Receipt,,36173.00,36173.00,H D F C Bank Jhabua 50200060244460,A,179412.96,0000000000697756
07-11-2025,CHQDEP-CTSCLG1-ALIRAJPUR:STATEBA NKOFINDIA:STATEBANKOFINDIA,Receipt,,13608.44,13608.44,H D F C Bank Jhabua 50200060244460,A,193021.40,0000000000824340
07-11-2025,ENTAGGREGATORESCROW,Payment,54498.00,,54498.00,H D F C Bank Jhabua 50200060244460,A,138523.40,215412
08-11-2025,ACCOUNT-VIRENDRAK UMARRATANLAL GANDHI-UTIBN62025110793215 EMI801020320CHQS80102032000911125801 020320,Receipt,,151625.00,151625.00,H D F C Bank Jhabua 50200060244460,A,290148.40,000000000000000
08-11-2025,NEFTCR-UTIB0001506-PHONEPELIMITED-PAYM ENTAGGREGATORESCROW ACCOUNT-VIRENDRAK UMARRATANLAL GANDHI-UTIBN62025110808647,Payment,200000.00,,200000.00,H D F C Bank Jhabua 50200060244460,A,90148.40,UTIBN62025110808647486
09-11-2025,"NEFTDR-KKBK0000826-RAJINDUSRIESDAHOD- NETBANK,MUM-HDFCN52025110886572866-BILL",Receipt,,5174.40,5174.40,H D F C Bank Jhabua 50200060244460,A,95322.80,HDFCN52025110886572866
10-11-2025,NEFTCR-UTIB0001506-PHONEPELIMITED-PAYM ENTAGGREGATORESCROW ACCOUNT-VIRENDRAK UMARRATANLAL GANDHI-UTIBN62025110920097,Receipt,,2180.00,2180.00,H D F C Bank Jhabua 50200060244460,Phone Pyee,97502.80,UTIBN62025110920097181
11-11-2025,NEFTCR-UTIB0001506-PHONEPELIMITED-PAYM ENTAGGREGATORESCROW ACCOUNT-VIRENDRAK UMARRATANLAL GANDHI-UTIBN62025111030210,Receipt,,19380.00,19380.00,H D F C Bank Jhabua 50200060244460,Phone Pyee,116882.80,UTIBN62025111030210174
11-11-2025,NEFTCR-UTIB0001506-PHONEPELIMITED-PAYM ENTAGGREGATORESCROW ACCOUNT-VIRENDRAK UMARRATANLAL GANDHI-UTIBN62025111142975 50200054709856-TPT-BILL-AMITVIRENDRAKU MARGANDHI,Payment,40000.00,,40000.00,H D F C Bank Jhabua 50200060244460,Amit Gandhi,76882.80,UTIBN62025111142975766
12-11-2025,NEFTCR-UTIB0001506-PHONEPELIMITED-PAYM ENTAGGREGATORESCROW,Receipt,,750.00,750.00,H D F C Bank Jhabua 50200060244460,Phone Pyee,77632.80,0000000468238699
13-11-2025,ACCOUNT-VIRENDRAK,Receipt,,6281.00,6281.00,H D F C Bank Jhabua 50200060244460,A,83913.80,UTIBN62025111367575104
14-11-2025,UMARRATANLAL GANDHI-UTIBN62025111255133,Receipt,,33375.50,33375.50,H D F C Bank Jhabua 50200060244460,A,117289.30,UTIBN62025111479447128
14-11-2025,NEFTCR-UTIB0001506-PHONEPELIMITED-PAYM ENTAGGREGATORESCROW ACCOUNT-VIRENDRAK UMARRATANLAL GANDHI-UTIBN62025111367575,Payment,80000.00,,80000.00,H D F C Bank Jhabua 50200060244460,A,37289.30,HDFCN52025111498480805
15-11-2025,NEFTCR-UTIB0001506-PHONEPELIMITED-PAYM ENTAGGREGATORESCROW ACCOUNT-VIRENDRAK UMARRATANLAL GANDHI-UTIBN62025111479447,Receipt,,3540.00,3540.00,H D F C Bank Jhabua 50200060244460,Phone Pyee,40829.30,UTIBN62025111591049230
16-11-2025,"NEFTDR-UTIB0001793-RATNRAJPROVHIJANST OREJOBAT-NETBANK, MUM-HDFCN520251114984 80805-BILL",Receipt,,10033.00,10033.00,H D F C Bank Jhabua 50200060244460,A,50862.30,UTIBN62025111602330188
17-11-2025,NEFTCR-UTIB0001506-PHONEPELIMITED-PAYM ENTAGGREGATORESCROW ACCOUNT-VIRENDRAK UMARRATANLAL GANDHI-UTIBN62025111591049,Receipt,,1700.00,1700.00,H D F C Bank Jhabua 50200060244460,Phone Pyee,52562.30,UTIBN62025111712196001
17-11-2025,50200091095120-TPT-BILL-BAJARANGNAMKIN,Payment,10425.00,,10425.00,H D F C Bank Jhabua 50200060244460,A,42137.30,0000000727299754
18-11-2025,BHANDAR,Receipt,,4332.00,4332.00,H D F C Bank Jhabua 50200060244460,A,46469.30,UTIBN62025111823934207
19-11-2025,NEFTCR-UTIB0001506-PHONEPELIMITED-PAYM ENTAGGREGATORESCROW ACCOUNT-VIRENDRAK UMARRATANLAL GANDHI-UTIBN62025111823934,Receipt,,2494.85,2494.85,H D F C Bank Jhabua 50200060244460,Phone Pyee,48964.15,UTIBN62025111935598771
20-11-2025,NEFTCR-UTIB0001506-PHONEPELIMITED-PAYM ENTAGGREGATORESCROW ACCOUNT-VIRENDRAK UMARRATANLAL GANDHI-UTIBN62025111935598,Receipt,,122155.00,122155.00,H D F C Bank Jhabua 50200060244460,Phone Pyee,171119.15,UTIBN62025112047294590
20-11-2025,NEFTCR-UTIB0001506-PHONEPELIMITED-PAYM ENTAGGREGATORESCROW ACCOUNT-VIRENDRAK UMARRATANLAL GANDHI-UTIBN62025112047294 ACHD-AXISBANK-691D977BBC4115E6F3206DA,Payment,35653.00,,35653.00,H D F C Bank Jhabua 50200060244460,Axis Bank Ltd,135466.15,0000003495750457
20-11-2025,"NEFTDR-BKID0009801-SHYAMSEVBHANDAR BA G-NETBANK,MUM-HDFCN52025112007920052-BI LL",Payment,12600.00,,12600.00,H D F C Bank Jhabua 50200060244460,A,122866.15,HDFCN52025112007920052
20-11-2025,"NEFTDR-UTIB0001793-TARUNTRADERSJOBAT NEW-NETBANK, MUM-HDFCN52025112008170250- BILL",Payment,100000.00,,100000.00,H D F C Bank Jhabua 50200060244460,Tarun Traders Jobat,22866.15,HDFCN52025112008170250
21-11-2025,NEFTCR-UTIB0001506-PHONEPELIMITED-PAYM ENTAGGREGATORESCROW ACCOUNT-VIRENDRAK UMARRATANLAL GANDHI-UTIBN62025112158881,Receipt,,4370.00,4370.00,H D F C Bank Jhabua 50200060244460,Phone Pyee,27236.15,UTIBN62025112158881998
21-11-2025,CHQDEP-CTSCLG1-ALIRAJPUR:ADHISHAK,Receipt,,8130.00,8130.00,H D F C Bank Jhabua 50200060244460,A,35366.15,0000000000242900
21-11-2025,BALAKAASRAM:STATEBANKOFINDIA,Receipt,,19700.00,19700.00,H D F C Bank Jhabua 50200060244460,A,55066.15,0000000000242901
21-11-2025,CHQDEP-CTSCLG1-ALIRAJPUR:ASHIKSHA KBALAKAASHRAM:STATEBANKOFINDIA,Receipt,,19015.00,19015.00,H D F C Bank Jhabua 50200060244460,A,74081.15,0000000000242902
21-11-2025,CHQDEP-CTSCLG1-ALIRAJPUR:ADHISHAK BALAKAASTHRAM:STATEBANKOFINDIA VIRENDRAKUMARRATANLALGANDHICR- 5020 0105537405-REKHAPALRECHA,Receipt,,1000000.00,1000000.00,H D F C Bank Jhabua 50200060244460,Adhikshak Balak Aasharam,1074081.15,0000000000000005
22-11-2025,NEFTCR-UTIB0001506-PHONEPELIMITED-PAYM ENTAGGREGATORESCROW ACCOUNT-VIRENDRAK UMARRATANLALGANDHI-AXNPN32695996569,Receipt,,247185.70,247185.70,H D F C Bank Jhabua 50200060244460,Phone Pyee,1321266.85,AXNPN32695996569
22-11-2025,"RTGSDR-BKID0009813-CHOUDHARY INTERPRISE -NETBANK,MUM-HDFCR52025112286498731-BIL L SELF-CHQPAID-JOBAT",Contra,500000.00,,500000.00,H D F C Bank Jhabua 50200060244460,Cash,821266.85,HDFCR52025112286498731
24-11-2025,CASHDEPOSITBY-SELF-JOBAT,Contra,700000.00,,700000.00,H D F C Bank Jhabua 50200060244460,Cash,121266.85,0000000000000164
24-11-2025,NEFTCR-UTIB0001506-PHONEPELIMITED-PAYM ENTAGGREGATORESCROW ACCOUNT-VIRENDRAK UMARRATANLALGANDHI-AXNPN32920399655,Receipt,,22000.00,22000.00,H D F C Bank Jhabua 50200060244460,Phone Pyee,143266.85,000000000000000
25-11-2025,NEFTCR-UTIB0001506-PHONEPELIMITED-PAYM ENTAGGREGATORESCROW ACCOUNT-VIRENDRAK UMARRATANLALGANDHI-AXNPN33028631929,Receipt,,8950.00,8950.00,H D F C Bank Jhabua 50200060244460,Phone Pyee,152216.85,AXNPN32920399655
26-11-2025,NEFTCR-UTIB0001506-PHONEPELIMITED-PAYM ENTAGGREGATORESCROW ACCOUNT-VIRENDRAK UMARRATANLALGANDHI-AXNPN33136855953,Receipt,,3225.00,3225.00,H D F C Bank Jhabua 50200060244460,Phone Pyee,155441.85,AXNPN33028631929
27-11-2025,CHQDEP-CTSCLG1-ALIRAJPUR:ADHIKSHA KADIWASI:STATEBANKOFINDIA,Receipt,,54505.00,54505.00,H D F C Bank Jhabua 50200060244460,Adhikshak Govt. Adiwasi,209946.85,AXNPN33136855953
27-11-2025,No Description,Receipt,,19500.00,19500.00,H D F C Bank Jhabua 50200060244460,A,229446.85,0000000000697770
28-11-2025,NEFTCR-UTIB0001506-PHONEPELIMITED-PAYM,Receipt,,805.00,805.00,H D F C Bank Jhabua 50200060244460,Phone Pyee,230251.85,AXNPN33245002502
28-11-2025,ENTAGGREGATORESCROW ACCOUNT-VIRENDRAK UMARRATANLALGANDHI-AXNPN33245002502 SELF-CHQPAID-JOBAT,Contra,50000.00,,50000.00,H D F C Bank Jhabua 50200060244460,Cash,180251.85,0000000000000165
28-11-2025,IMPS-533222172341-AMITVIRENDRAKUMAR-I BKL-XXXXXXXXXXXX1939-MUMMYHDFC,Receipt,,200000.00,200000.00,H D F C Bank Jhabua 50200060244460,A,380251.85,0000533222172341
29-11-2025,NEFTCR-UTIB0001506-PHONEPELIMITED-PAYM ENTAGGREGATORESCROW ACCOUNT-VIRENDRAK UMARRATANLALGANDHI-AXNPN33353334810,Receipt,,17500.00,17500.00,H D F C Bank Jhabua 50200060244460,Phone Pyee,397751.85,AXNPN33353334810
29-11-2025,"RTGSDR-KKBK0000826-RAJINDUSRIESDAHOD- NETBANK,MUM-HDFCR52025112989054020-BILL",Payment,200000.00,,200000.00,H D F C Bank Jhabua 50200060244460,A,197751.85,HDFCR52025112989054020
29-11-2025,"NEFTDR-BDBL0001230-SHREEPREMTRADERSI NDORE-NETBANK, MUM-HDFCH00639547688-BILL",Payment,145514.00,,145514.00,H D F C Bank Jhabua 50200060244460,Prem Traders Indore,52237.85,HDFCH00639547688
30-11-2025,NEFTCR-UTIB0001506-PHONEPELIMITED-PAYM ENTAGGREGATORESCROW ACCOUNT-VIRENDRAK UMARRATANLALGANDHI-AXNPN33461612276,Receipt,,2440.00,2440.00,H D F C Bank Jhabua 50200060244460,Phone Pyee,54677.85,AXNPN33461612276
01-12-2025,NEFTCR-UTIB0001506-PHONEPELIMITED-PAYM ENTAGGREGATORESCROW ACCOUNT-VIRENDRAK UMARRATANLALGANDHI-AXNPN33569087265,Receipt,,3614.37,3614.37,H D F C Bank Jhabua 50200060244460,Phone Pyee,58292.22,AXNPN33569087265
02-12-2025,NEFTCR-UTIB0001506-PHONEPELIMITED-PAYM ENTAGGREGATORESCROW ACCOUNT-VIRENDRAK UMARRATANLALGANDHI-AXNPN33677582869,Receipt,,6635.00,6635.00,H D F C Bank Jhabua 50200060244460,Phone Pyee,64927.22,AXNPN33677582869
03-12-2025,NEFTCR-UTIB0001506-PHONEPELIMITED-PAYM ENTAGGREGATORESCROW ACCOUNT-VIRENDRAK UMARRATANLALGANDHI-AXNPN33785612303,Receipt,,6590.00,6590.00,H D F C Bank Jhabua 50200060244460,Phone Pyee,71517.22,AXNPN33785612303
03-12-2025,JULSEP25INSTAALERTCHG78SMS031025-CDT,Payment,18.40,,18.40,H D F C Bank Jhabua 50200060244460,A,71498.82,CDT2533537677901
04-12-2025,2533537677901,Receipt,,29539.83,29539.83,H D F C Bank Jhabua 50200060244460,A,101038.65,AXNPN33896632738
05-12-2025,NEFTCR-UTIB0001506-PHONEPELIMITED-PAYM ENTAGGREGATORESCROW ACCOUNT-VIRENDRAK UMARRATANLALGANDHI-AXNPN33896632738,Receipt,,400.00,400.00,H D F C Bank Jhabua 50200060244460,Phone Pyee,101438.65,AXNPN33902612797
05-12-2025,NEFTCR-UTIB0001506-PHONEPELIMITED-PAYM ENTAGGREGATORESCROW ACCOUNT-VIRENDRAK UMARRATANLALGANDHI-AXNPN33902612797,Payment,18720.00,,18720.00,H D F C Bank Jhabua 50200060244460,A,82718.65,HDFCH00653314757
06-12-2025,"NEFTDR-UTIB0001793-RATNRAJPROVHIJANST OREJOBAT-NETBANK, MUM-HDFCH00653314757- BILL",Receipt,,1850.00,1850.00,H D F C Bank Jhabua 50200060244460,A,84568.65,AXNPN34010891374
06-12-2025,NEFTCR-UTIB0001506-PHONEPELIMITED-PAYM ENTAGGREGATORESCROW ACCOUNT-VIRENDRAK UMARRATANLALGANDHI-AXNPN34010891374 50200045981636-TPT-PAID-SHREESHANTINATH TRADERS,Receipt,,600000.00,600000.00,H D F C Bank Jhabua 50200060244460,Phone Pyee,684568.65,0000000278422256
07-12-2025,NEFTCR-UTIB0001506-PHONEPELIMITED-PAYM ENTAGGREGATORESCROW ACCOUNT-VIRENDRAK UMARRATANLALGANDHI-AXNPN34119466892 EMI801020320CHQS80102032001011225801 020320,Receipt,,15387.00,15387.00,H D F C Bank Jhabua 50200060244460,Phone Pyee,699955.65,AXNPN34119466892
07-12-2025,NEFTCR-UTIB0001506-PHONEPELIMITED-PAYM ENTAGGREGATORESCROW ACCOUNT-VIRENDRAK UMARRATANLALGANDHI-AXNPN34227246405,Payment,54498.00,,54498.00,H D F C Bank Jhabua 50200060244460,A,645457.65,000000000000000
08-12-2025,NEFTCR-UTIB0001506-PHONEPELIMITED-PAYM ENTAGGREGATORESCROW,Receipt,,12935.00,12935.00,H D F C Bank Jhabua 50200060244460,Phone Pyee,658392.65,AXNPN34227246405
09-12-2025,No Description,Receipt,,18075.00,18075.00,H D F C Bank Jhabua 50200060244460,A,676467.65,AXNPN34335875925
09-12-2025,ACCOUNT-VIRENDRAK,Receipt,,280772.00,280772.00,H D F C Bank Jhabua 50200060244460,A,957239.65,0000000840749700
09-12-2025,UMARRATANLALGANDHI-AXNPN34335875925 50200031127073-TPT-PAID-SHRIJAYANTTRAD ERS 50200031127073-TPT-PAID-SHRIJAYANTTRAD ERS 50200045981636-TPT-PQID-SHREESHANTINATH TRADERS SELF-CHQPAID-JOBAT,Receipt,,125800.00,125800.00,H D F C Bank Jhabua 50200060244460,A,1083039.65,0000000840811724
09-12-2025,IMPS-534320376548-BAJRANGNAMKEEN BHANDA RBAGH-HDFC-XXXXXXXXXX5120-BILL,Receipt,,187440.00,187440.00,H D F C Bank Jhabua 50200060244460,BAJRANG NAMKEEN BHANDAR BAGH,1270479.65,0000000841011887
09-12-2025,NEFTCR-UTIB0001506-PHONEPELIMITED-PAYM ENTAGGREGATORESCROW ACCOUNT-VIRENDRAK UMARRATANLALGANDHI-AXNPN34444254751,Payment,900000.00,,900000.00,H D F C Bank Jhabua 50200060244460,A,370479.65,0000000000000169
09-12-2025,NEFTCR-UTIB0001506-PHONEPELIMITED-PAYM ENTAGGREGATORESCROW ACCOUNT-VIRENDRAK UMARRATANLALGANDHI-AXNPN34553113060,Payment,28895.00,,28895.00,H D F C Bank Jhabua 50200060244460,A,341584.65,0000534320376548
10-12-2025,NEFTCR-UTIB0001506-PHONEPELIMITED-PAYM ENTAGGREGATORESCROW ACCOUNT-VIRENDRAK UMARRATANLALGANDHI-AXNPN34661733477,Receipt,,37520.00,37520.00,H D F C Bank Jhabua 50200060244460,Phone Pyee,379104.65,AXNPN34444254751
11-12-2025,CHQDEP-CTSCLG1-ALIRAJPUR:ADHIKSHA KGOVTADIWASIBALAKSENIORCHB:STATE BANKOFINDIA,Receipt,,49213.87,49213.87,H D F C Bank Jhabua 50200060244460,Adhikshak Govt. Adiwasi,428318.52,AXNPN34553113060
12-12-2025,CHQDEP-CTSCLG1-ALIRAJPUR:ADHIKSHI KAGOVTADIWASIKANYASENIOR:STATE BANK OFINDIA,Receipt,,8040.00,8040.00,H D F C Bank Jhabua 50200060244460,Adhikshak Govt. Adiwasi,436358.52,AXNPN34661733477
12-12-2025,CHQDEP-CTSCLG1-ALIRAJPUR:ADHIKSHI,Receipt,,18260.00,18260.00,H D F C Bank Jhabua 50200060244460,A,454618.52,0000000000697769
12-12-2025,No Description,Receipt,,25275.00,25275.00,H D F C Bank Jhabua 50200060244460,A,479893.52,0000000000824354
12-12-2025,No Description,Receipt,,32673.00,32673.00,H D F C Bank Jhabua 50200060244460,A,512566.52,0000000000824353
13-12-2025,KAGOVT:STATEBANKOFINDIA,Receipt,,10785.00,10785.00,H D F C Bank Jhabua 50200060244460,A,523351.52,AXNPN34771617070
13-12-2025,NEFTCR-UTIB0001506-PHONEPELIMITED-PAYM ENTAGGREGATORESCROW ACCOUNT-VIRENDRAK UMARRATANLALGANDHI-AXNPN34771617070,Payment,128991.00,,128991.00,H D F C Bank Jhabua 50200060244460,A,394360.52,HDFCH00673841880
14-12-2025,"NEFTDR-BKID0009801-SHREEKESHRIYATRADI NGBAG-NETBANK, MUM-HDFCH00673841880-BIL L",Receipt,,9235.00,9235.00,H D F C Bank Jhabua 50200060244460,A,403595.52,AXNPN34880672895
15-12-2025,NEFTCR-UTIB0001506-PHONEPELIMITED-PAYM ENTAGGREGATORESCROW ACCOUNT-VIRENDRAK UMARRATANLALGANDHI-AXNPN34880672895,Receipt,,6380.00,6380.00,H D F C Bank Jhabua 50200060244460,Phone Pyee,409975.52,AXNPN34988388389
15-12-2025,NEFTCR-UTIB0001506-PHONEPELIMITED-PAYM ENTAGGREGATORESCROW ACCOUNT-VIRENDRAK UMARRATANLALGANDHI-AXNPN34988388389 50200031127073-TPT-PAID-SHRIJAYANTTRAD ERS SELF-CHQPAID-JOBAT HGAKP131CA0043559659-MPPASCHIMKS-BILLPAY -50200026202917 HGAKP10AE20043569615-MPPASCHIMKS-BILLPAY -50200026202917,Receipt,,703080.00,703080.00,H D F C Bank Jhabua 50200060244460,Phone Pyee,1113055.52,0000000281838027
15-12-2025,NEFTCR-UTIB0001506-PHONEPELIMITED-PAYM ENTAGGREGATORESCROW ACCOUNT-VIRENDRAK UMARRATANLALGANDHI-AXNPN35096986167,Payment,900000.00,,900000.00,H D F C Bank Jhabua 50200060244460,A,213055.52,0000000000000171
15-12-2025,UPI-ASHAPURI MARKETING-KETANVANI977@OKSB I-NA-102229203521-BILL,Payment,2869.00,,2869.00,H D F C Bank Jhabua 50200060244460,Ashapuri Marketing Vadodara,210186.52,0000000328752445
15-12-2025,RTGSCR-ICIC0000011-RAJENDRAKUMARSHAIT,Payment,54.00,,54.00,H D F C Bank Jhabua 50200060244460,A,210132.52,0000000341679972
16-12-2025,No Description,Receipt,,4191.00,4191.00,H D F C Bank Jhabua 50200060244460,A,214323.52,AXNPN35096986167
16-12-2025,No Description,Payment,22265.00,,22265.00,H D F C Bank Jhabua 50200060244460,A,192058.52,0000102229203521
16-12-2025,No Description,Receipt,,293994.00,293994.00,H D F C Bank Jhabua 50200060244460,A,486052.52,ICICR42025121600
17-12-2025,ANMAL,Receipt,,1975.00,1975.00,H D F C Bank Jhabua 50200060244460,A,488027.52,583973
18-12-2025,KOTHARI-VIRENDRAKUMARRATANLALGANDH I-ICICR42025121600583973,Receipt,,1939.57,1939.57,H D F C Bank Jhabua 50200060244460,A,489967.09,AXNPN35105026271
18-12-2025,NEFTCR-UTIB0001506-PHONEPELIMITED-PAYM ENTAGGREGATORESCROW ACCOUNT-VIRENDRAK UMARRATANLALGANDHI-AXNPN35105026271,Payment,33000.00,,33000.00,H D F C Bank Jhabua 50200060244460,A,456967.09,AXNPN35213685495
18-12-2025,NEFTCR-UTIB0001506-PHONEPELIMITED-PAYM ENTAGGREGATORESCROW ACCOUNT-VIRENDRAK UMARRATANLALGANDHI-AXNPN35213685495 50200105537405-TPT-INTREST-REKHAPALRECH A SELF-CHQPAID-JOBAT,Contra,200000.00,,200000.00,H D F C Bank Jhabua 50200060244460,Cash,256967.09,0000000227646979
18-12-2025,"NEFTDR-KKBK0000826-RAJINDUSRIESDAHOD- NETBANK,MUM-HDFCH00682100902-BILL",Payment,100000.00,,100000.00,H D F C Bank Jhabua 50200060244460,A,156967.09,0000000000000172
19-12-2025,NEFTCR-UTIB0001506-PHONEPELIMITED-PAYM ENTAGGREGATORESCROW ACCOUNT-VIRENDRAK UMARRATANLALGANDHI-AXNPN35321747767,Receipt,,27179.86,27179.86,H D F C Bank Jhabua 50200060244460,Phone Pyee,184146.95,HDFCH00682100902
19-12-2025,"NEFTDR-CBIN0MPDCAQ-MANDISHULK KHATA-NE TBANK,MUM-HDFCH00684135274-BILL",Payment,20000.00,,20000.00,H D F C Bank Jhabua 50200060244460,A,164146.95,AXNPN35321747767
19-12-2025,NEFTCR-SBIN0030241-SHANTILALJAYANTILAL -VIRENDRAKUMARRATANLAL G-SBIN325353015 669 50200054709856-TPT-BILL-AMITVIRENDRAKU MARGANDHI,Receipt,,831000.00,831000.00,H D F C Bank Jhabua 50200060244460,Amit Gandhi,995146.95,HDFCH00684135274
19-12-2025,"RTGSDR-BKID0009813-CHOUDHARY INTERPRISE -NETBANK,MUM-HDFCR52025121997107283-BIL",Payment,50000.00,,50000.00,H D F C Bank Jhabua 50200060244460,Choudhary Enterprises,945146.95,SBIN325353015669
19-12-2025,No Description,Payment,500000.00,,500000.00,H D F C Bank Jhabua 50200060244460,A,445146.95,0000000549021359
20-12-2025,L,Receipt,,2740.00,2740.00,H D F C Bank Jhabua 50200060244460,A,447886.95,AXNPN35430435386
20-12-2025,NEFTCR-UTIB0001506-PHONEPELIMITED-PAYM ENTAGGREGATORESCROW ACCOUNT-VIRENDRAK UMARRATANLALGANDHI-AXNPN35430435386 ACHD-AXISBANK-6944FEBEBAF61CA2C90A48E SELF-CHQPAID-JHABUA,Contra,35653.00,,35653.00,H D F C Bank Jhabua 50200060244460,Cash,412233.95,0000003686063799
20-12-2025,NEFTCR-UTIB0001506-PHONEPELIMITED-PAYM ENTAGGREGATORESCROW ACCOUNT-VIRENDRAK UMARRATANLALGANDHI-AXNPN35538450501,Payment,300000.00,,300000.00,H D F C Bank Jhabua 50200060244460,A,112233.95,0000000000000173
21-12-2025,NEFTCR-UTIB0001506-PHONEPELIMITED-PAYM ENTAGGREGATORESCROW ACCOUNT-VIRENDRAK UMARRATANLALGANDHI-AXNPN35646482354,Receipt,,600.00,600.00,H D F C Bank Jhabua 50200060244460,Phone Pyee,112833.95,AXNPN35538450501
22-12-2025,NEFTCR-UTIB0001506-PHONEPELIMITED-PAYM ENTAGGREGATORESCROW ACCOUNT-VIRENDRAK UMARRATANLALGANDHI-AXNPN35754940741,Receipt,,36480.00,36480.00,H D F C Bank Jhabua 50200060244460,Phone Pyee,149313.95,AXNPN35646482354
23-12-2025,IMPS-535714121017-SHREESHANTINATHTRADE RS-HDFC-XXXXXXXXXX1636-PAID SELF-CHQPAID-JOBAT,Receipt,,1575.00,1575.00,H D F C Bank Jhabua 50200060244460,A,150888.95,AXNPN35754940741
23-12-2025,NEFTCR-UTIB0001506-PHONEPELIMITED-PAYM ENTAGGREGATORESCROW ACCOUNT-VIRENDRAK UMARRATANLALGANDHI-AXNPN35862882412 LOWDENOMINATIONCHARGENOV25 021225-CDT 2533537677901,Receipt,,300000.00,300000.00,H D F C Bank Jhabua 50200060244460,Phone Pyee,450888.95,0000535714121017
23-12-2025,NEFTCR-UTIB0001506-PHONEPELIMITED-PAYM ENTAGGREGATORESCROW ACCOUNT-VIRENDRAK,Payment,400000.00,,400000.00,H D F C Bank Jhabua 50200060244460,A,50888.95,0000000000000174
24-12-2025,No Description,Receipt,,6435.00,6435.00,H D F C Bank Jhabua 50200060244460,A,57323.95,AXNPN35862882412
24-12-2025,No Description,Payment,566.40,,566.40,H D F C Bank Jhabua 50200060244460,A,56757.55,CDT2533537677901
25-12-2025,No Description,Receipt,,19025.00,19025.00,H D F C Bank Jhabua 50200060244460,A,75782.55,AXNPN35971624465
25-12-2025,UMARRATANLALGANDHI-AXNPN35971624465,Receipt,,1.00,1.00,H D F C Bank Jhabua 50200060244460,A,75783.55,0000535915036274
25-12-2025,IMPS-535915036274-NSDL-NSPB-XXXXXXXX7669 -DIGITAPAPI,Receipt,,40000.00,40000.00,H D F C Bank Jhabua 50200060244460,A,115783.55,0000535992696033
26-12-2025,IMPS-535992696033-TAPIPEFINTECHPRIVATE LIMITED-YESB-XXXXXXXXXXX2882-PAYOUTS FR OMTAPIPE,Receipt,,690.00,690.00,H D F C Bank Jhabua 50200060244460,A,116473.55,AXNPN36079593753
27-12-2025,NEFTCR-UTIB0001506-PHONEPELIMITED-PAYM ENTAGGREGATORESCROW ACCOUNT-VIRENDRAK UMARRATANLALGANDHI-AXNPN36079593753,Receipt,,270.00,270.00,H D F C Bank Jhabua 50200060244460,Phone Pyee,116743.55,AXNPN36187914403
28-12-2025,NEFTCR-UTIB0001506-PHONEPELIMITED-PAYM ENTAGGREGATORESCROW ACCOUNT-VIRENDRAK UMARRATANLALGANDHI-AXNPN36187914403,Receipt,,6399.99,6399.99,H D F C Bank Jhabua 50200060244460,Phone Pyee,123143.54,AXNPN36295955993
29-12-2025,NEFTCR-UTIB0001506-PHONEPELIMITED-PAYM ENTAGGREGATORESCROW ACCOUNT-VIRENDRAK UMARRATANLALGANDHI-AXNPN36295955993,Receipt,,1060.00,1060.00,H D F C Bank Jhabua 50200060244460,Phone Pyee,124203.54,AXNPN36303598108
30-12-2025,NEFTCR-UTIB0001506-PHONEPELIMITED-PAYM ENTAGGREGATORESCROW ACCOUNT-VIRENDRAK UMARRATANLALGANDHI-AXNPN36303598108,Receipt,,86516.00,86516.00,H D F C Bank Jhabua 50200060244460,Phone Pyee,210719.54,AXNPN36411986422
30-12-2025,NEFTCR-UTIB0001506-PHONEPELIMITED-PAYM ENTAGGREGATORESCROW ACCOUNT-VIRENDRAK UMARRATANLALGANDHI-AXNPN36411986422,Payment,20000.00,,20000.00,H D F C Bank Jhabua 50200060244460,A,190719.54,HDFCH00700839481
30-12-2025,"NEFTDR-CBIN0MPDCAQ-MANDISHULK KHATA-NE TBANK,MUM-HDFCH00700839481-MANDI SHULK 50200031127073-TPT-PAID-SHRIJAYANTTRAD",Receipt,,1000000.00,1000000.00,H D F C Bank Jhabua 50200060244460,A,1190719.54,0000000600445901
30-12-2025,ERS,Payment,500000.00,,500000.00,H D F C Bank Jhabua 50200060244460,A,690719.54,0000000000000158
30-12-2025,SELF-CHQPAID-JOBAT SELF-CHQPAID-JOBAT,Contra,500000.00,,500000.00,H D F C Bank Jhabua 50200060244460,Cash,190719.54,0000000000000159
31-12-2025,NEFTCR-UTIB0001506-PHONEPELIMITED-PAYM ENTAGGREGATORESCROW ACCOUNT-VIRENDRAK UMARRATANLALGANDHI-AXNPN36520224768,Receipt,,41669.99,41669.99,H D F C Bank Jhabua 50200060244460,Phone Pyee,232389.53,AXNPN36520224768
01-01-2026,NEFTCR-UTIB0001506-PHONEPELIMITED-PAYM ENTAGGREGATORESCROW ACCOUNT-VIRENDRAK UMARRATANLALGANDHI-AXNPN00129457835 50200031127073-TPT-PAID-SHRIJAYANTTRAD ERS,Receipt,,980.00,980.00,H D F C Bank Jhabua 50200060244460,Phone Pyee,233369.53,AXNPN00129457835
01-01-2026,NEFTCR-UTIB0001506-PHONEPELIMITED-PAYM ENTAGGREGATORESCROW ACCOUNT-VIRENDRAK UMARRATANLALGANDHI-AXNPN00236915197,Receipt,,800168.00,800168.00,H D F C Bank Jhabua 50200060244460,Phone Pyee,1033537.53,0000000559653240
02-01-2026,"RTGSDR-BKID0009813-CHOUDHARY INTERPRISE -NETBANK,MUM-HDFCR52026010252277122-BIL L",Receipt,,35100.00,35100.00,H D F C Bank Jhabua 50200060244460,Choudhary Enterprises,1068637.53,AXNPN00236915197
02-01-2026,NEFTCR-UTIB0001506-PHONEPELIMITED-PAYM ENTAGGREGATORESCROW ACCOUNT-VIRENDRAK UMARRATANLALGANDHI-AXNPN00345729084 SELF-CHQPAID-JOBAT 50200045981636-TPT-PAID-SHREESHANTINATH TRADERS,Contra,500000.00,,500000.00,H D F C Bank Jhabua 50200060244460,Cash,568637.53,HDFCR52026010252277122
03-01-2026,NEFTCR-UTIB0001506-PHONEPELIMITED-PAYM ENTAGGREGATORESCROW ACCOUNT-VIRENDRAK UMARRATANLALGANDHI-AXNPN00454714499,Receipt,,9985.00,9985.00,H D F C Bank Jhabua 50200060244460,Phone Pyee,578622.53,AXNPN00345729084
03-01-2026,No Description,Payment,500000.00,,500000.00,H D F C Bank Jhabua 50200060244460,A,78622.53,0000000000000160
03-01-2026,No Description,Receipt,,900000.00,900000.00,H D F C Bank Jhabua 50200060244460,A,978622.53,0000000450863878
04-01-2026,No Description,Receipt,,290.00,290.00,H D F C Bank Jhabua 50200060244460,A,978912.53,AXNPN00454714499
05-01-2026,NEFTCR-UTIB0001506-PHONEPELIMITED-PAYM,Receipt,,6496.06,6496.06,H D F C Bank Jhabua 50200060244460,Phone Pyee,985408.59,AXNPN00562002764
05-01-2026,ENTAGGREGATORESCROW ACCOUNT-VIRENDRAK UMARRATANLALGANDHI-AXNPN00562002764 SELF-CHQPAID-JOBAT,Contra,900000.00,,900000.00,H D F C Bank Jhabua 50200060244460,Cash,85408.59,0000000000000175
06-01-2026,NEFTCR-UTIB0001506-PHONEPELIMITED-PAYM ENTAGGREGATORESCROW ACCOUNT-VIRENDRAK UMARRATANLALGANDHI-AXNPN00670504722 IBCASHWDLCHGSINCLGST201225-CDT2600 238392775,Contra,,5192.00,5192.00,H D F C Bank Jhabua 50200060244460,Cash,90600.59,AXNPN00670504722
06-01-2026,IMPS-600618188409-SHREESHANTINATHTRADE RS-HDFC-XXXXXXXXXX1636-PAID,Payment,708.00,,708.00,H D F C Bank Jhabua 50200060244460,A,89892.59,CDT2600238392775
06-01-2026,IMPS-600618189485-SHREESHANTINATHTRADE RS-HDFC-XXXXXXXXXX1636-PAID,Receipt,,47206.00,47206.00,H D F C Bank Jhabua 50200060244460,A,137098.59,0000600618188409
06-01-2026,NEFTCR-UTIB0001506-PHONEPELIMITED-PAYM ENTAGGREGATORESCROW ACCOUNT-VIRENDRAK UMARRATANLALGANDHI-AXNPN00778309970 EMI801020320CHQS80102032001110126801 020320,Receipt,,30987.00,30987.00,H D F C Bank Jhabua 50200060244460,Phone Pyee,168085.59,0000600618189485
07-01-2026,CHQDEP-CTSCLG1-SUSARI:ADHIKSHAKB ALAKAASHRAMFUTTALABBADA:STATE BANKO FINDIA,Receipt,,38560.00,38560.00,H D F C Bank Jhabua 50200060244460,A,206645.59,AXNPN00778309970
07-01-2026,CHQDEP-CTSCLG1-SUSARI:ADHIKSHAKB ALAKAASHRAMFUTTALABBADA:STATE BANKO FINDIA,Payment,54498.00,,54498.00,H D F C Bank Jhabua 50200060244460,A,152147.59,000000000000000
07-01-2026,CHQDEP-CTSCLG1-SUSARI:ADHIKSHAKB ALAKAASHRAMFUTTALABBADA:STATE BANKO,Receipt,,8200.00,8200.00,H D F C Bank Jhabua 50200060244460,A,160347.59,0000000000242908
07-01-2026,No Description,Receipt,,16550.00,16550.00,H D F C Bank Jhabua 50200060244460,A,176897.59,0000000000242907
07-01-2026,No Description,Receipt,,19700.00,19700.00,H D F C Bank Jhabua 50200060244460,A,196597.59,0000000000242906
08-01-2026,FINDIA,Receipt,,2250.00,2250.00,H D F C Bank Jhabua 50200060244460,A,198847.59,AXNPN00887527912
08-01-2026,NEFTCR-UTIB0001506-PHONEPELIMITED-PAYM ENTAGGREGATORESCROW ACCOUNT-VIRENDRAK UMARRATANLALGANDHI-AXNPN00887527912,Receipt,,500000.00,500000.00,H D F C Bank Jhabua 50200060244460,Phone Pyee,698847.59,0000600811148616
08-01-2026,IMPS-600811148616-SHRIJAYANTTRADERS-HD FC-XXXXXXXXXX7073-PAID,Payment,50000.00,,50000.00,H D F C Bank Jhabua 50200060244460,A,648847.59,HDFCH00727847455
08-01-2026,"NEFTDR-CBIN0MPDCAQ-MANDISHULK KHATA-NE TBANK,MUM-HDFCH00727847455-MANDI SHULK SELF-CHQPAID-JOBAT",Contra,600000.00,,600000.00,H D F C Bank Jhabua 50200060244460,Cash,48847.59,0000000000000176
09-01-2026,NEFTCR-UTIB0001506-PHONEPELIMITED-PAYM ENTAGGREGATORESCROW ACCOUNT-VIRENDRAK UMARRATANLALGANDHI-AXNPN00995539095,Receipt,,13940.00,13940.00,H D F C Bank Jhabua 50200060244460,Phone Pyee,62787.59,AXNPN00995539095
09-01-2026,IMPS-600911143692-SHRIJAYANTTRADERS-HD FC-XXXXXXXXXX7073-PAID,Receipt,,409512.00,409512.00,H D F C Bank Jhabua 50200060244460,A,472299.59,0000600911143692
09-01-2026,"NEFTDR-ICIC0004061-TULSITRADERS-NETBAN K,MUM-HDFCH00732422525-BILL",Payment,192450.00,,192450.00,H D F C Bank Jhabua 50200060244460,A,279849.59,HDFCH00732422525
09-01-2026,"NEFTDR-BKID0009801-SHREEKESHRIYATRADI NGBAG-NETBANK, MUM-HDFCH00732420049-BIL L",Payment,136624.00,,136624.00,H D F C Bank Jhabua 50200060244460,A,143225.59,HDFCH00732420049
09-01-2026,"NEFTDR-KKBK0000826-RAJINDUSRIESDAHOD- NETBANK,MUM-HDFCH00732420927-BILL",Payment,100000.00,,100000.00,H D F C Bank Jhabua 50200060244460,A,43225.59,HDFCH00732420927
10-01-2026,NEFTCR-UTIB0001506-PHONEPELIMITED-PAYM ENTAGGREGATORESCROW ACCOUNT-VIRENDRAK UMARRATANLALGANDHI-AXNPN01005695656,Receipt,,5385.00,5385.00,H D F C Bank Jhabua 50200060244460,Phone Pyee,48610.59,AXNPN01005695656
11-01-2026,NEFTCR-UTIB0001506-PHONEPELIMITED-PAYM ENTAGGREGATORESCROW,Receipt,,37320.00,37320.00,H D F C Bank Jhabua 50200060244460,Phone Pyee,85930.59,AXNPN01114431934
12-01-2026,ACCOUNT-VIRENDRAK,Receipt,,905.00,905.00,H D F C Bank Jhabua 50200060244460,A,86835.59,AXNPN01221997147
12-01-2026,UMARRATANLALGANDHI-AXNPN01114431934,Payment,31848.00,,31848.00,H D F C Bank Jhabua 50200060244460,A,54987.59,0000000288464854
13-01-2026,NEFTCR-UTIB0001506-PHONEPELIMITED-PAYM ENTAGGREGATORESCROW ACCOUNT-VIRENDRAK UMARRATANLALGANDHI-AXNPN01221997147 50200091095120-TPT-BILL-BAJARANGNAMKIN BHANDAR,Receipt,,48235.00,48235.00,H D F C Bank Jhabua 50200060244460,Phone Pyee,103222.59,AXNPN01330757075
13-01-2026,NEFTCR-UTIB0001506-PHONEPELIMITED-PAYM ENTAGGREGATORESCROW ACCOUNT-VIRENDRAK UMARRATANLALGANDHI-AXNPN01330757075 50200031127073-TPT-PAID-SHRIJAYANTTRAD ERS SELF-CHQPAID-JOBAT SELF-CHQPAID-JOBAT 50200054709856-TPT-AMIT-AMITVIRENDRAKU MARGANDHI,Receipt,,1536508.00,1536508.00,H D F C Bank Jhabua 50200060244460,Phone Pyee,1639730.59,0000000158519727
13-01-2026,"NEFTDR-CBIN0MPDCAQ-MANDISHULK KHATA-NE TBANK,MUM-HDFCH00739733381-MANDI SHULK",Payment,600000.00,,600000.00,H D F C Bank Jhabua 50200060244460,A,1039730.59,0000000000000161
13-01-2026,NEFTCR-UTIB0001506-PHONEPELIMITED-PAYM ENTAGGREGATORESCROW ACCOUNT-VIRENDRAK UMARRATANLALGANDHI-AXNPN01439921166,Payment,900000.00,,900000.00,H D F C Bank Jhabua 50200060244460,A,139730.59,0000000000000162
13-01-2026,NEFTCR-UTIB0001506-PHONEPELIMITED-PAYM ENTAGGREGATORESCROW ACCOUNT-VIRENDRAK UMARRATANLALGANDHI-AXNPN01547594957,Payment,40000.00,,40000.00,H D F C Bank Jhabua 50200060244460,A,99730.59,0000000287447496
13-01-2026,NEFTCR-UTIB0001506-PHONEPELIMITED-PAYM ENTAGGREGATORESCROW,Payment,20000.00,,20000.00,H D F C Bank Jhabua 50200060244460,A,79730.59,HDFCH00739733381
14-01-2026,No Description,Receipt,,22545.00,22545.00,H D F C Bank Jhabua 50200060244460,A,102275.59,AXNPN01439921166
15-01-2026,No Description,Receipt,,53480.00,53480.00,H D F C Bank Jhabua 50200060244460,A,155755.59,AXNPN01547594957
17-01-2026,No Description,Receipt,,3945.00,3945.00,H D F C Bank Jhabua 50200060244460,A,159700.59,AXNPN01763671184
18-01-2026,ACCOUNT-VIRENDRAK,Receipt,,13418.00,13418.00,H D F C Bank Jhabua 50200060244460,A,173118.59,AXNPN01871316788
19-01-2026,UMARRATANLALGANDHI-AXNPN01763671184,Receipt,,2985.00,2985.00,H D F C Bank Jhabua 50200060244460,A,176103.59,AXNPN01979272113
20-01-2026,NEFTCR-UTIB0001506-PHONEPELIMITED-PAYM ENTAGGREGATORESCROW ACCOUNT-VIRENDRAK UMARRATANLALGANDHI-AXNPN01871316788,Receipt,,1180.00,1180.00,H D F C Bank Jhabua 50200060244460,Phone Pyee,177283.59,AXNPN02087657874
20-01-2026,NEFTCR-UTIB0001506-PHONEPELIMITED-PAYM ENTAGGREGATORESCROW ACCOUNT-VIRENDRAK UMARRATANLALGANDHI-AXNPN01979272113,Payment,35653.00,,35653.00,H D F C Bank Jhabua 50200060244460,A,141630.59,0000003873854500
20-01-2026,NEFTCR-UTIB0001506-PHONEPELIMITED-PAYM ENTAGGREGATORESCROW ACCOUNT-VIRENDRAK UMARRATANLALGANDHI-AXNPN02087657874 ACHD-AXISBANK-696E169D0DF1CD1F050986A 50200031127073-TPT-PAID-SHRIJAYANTTRAD ERS 50200107568507-TPT-MANISHJIJHABUA-MANI SHKOTHARIANDCOMPANY,Receipt,,571182.00,571182.00,H D F C Bank Jhabua 50200060244460,Phone Pyee,712812.59,0000000144661050
20-01-2026,"NEFTDR-UTIB0001793-TARUNTRADERSJOBAT NEW-NETBANK, MUM-HDFCH00749972796-TARUN BHAI",Payment,224300.00,,224300.00,H D F C Bank Jhabua 50200060244460,Tarun Traders Jobat,488512.59,0000000138944837
20-01-2026,NEFTCR-UTIB0001506-PHONEPELIMITED-PAYM ENTAGGREGATORESCROW ACCOUNT-VIRENDRAK UMARRATANLALGANDHI-AXNPN02195362388,Payment,242673.00,,242673.00,H D F C Bank Jhabua 50200060244460,A,245839.59,HDFCH00749972796
21-01-2026,NEFTCR-UTIB0001506-PHONEPELIMITED-PAYM ENTAGGREGATORESCROW ACCOUNT-VIRENDRAK UMARRATANLALGANDHI-AXNPN02204077378,Receipt,,9495.00,9495.00,H D F C Bank Jhabua 50200060244460,Phone Pyee,255334.59,AXNPN02195362388
22-01-2026,NEFTCR-UTIB0001506-PHONEPELIMITED-PAYM,Receipt,,27485.00,27485.00,H D F C Bank Jhabua 50200060244460,Phone Pyee,282819.59,AXNPN02204077378
23-01-2026,No Description,Receipt,,154965.00,154965.00,H D F C Bank Jhabua 50200060244460,A,437784.59,AXNPN02312104181
24-01-2026,ENTAGGREGATORESCROW,Receipt,,11975.00,11975.00,H D F C Bank Jhabua 50200060244460,A,449759.59,AXNPN02421122269
25-01-2026,ACCOUNT-VIRENDRAK UMARRATANLALGANDHI-AXNPN02312104181,Receipt,,27865.00,27865.00,H D F C Bank Jhabua 50200060244460,A,477624.59,AXNPN02528544283
25-01-2026,NEFTCR-UTIB0001506-PHONEPELIMITED-PAYM ENTAGGREGATORESCROW ACCOUNT-VIRENDRAK UMARRATANLALGANDHI-AXNPN02421122269,Payment,200000.00,,200000.00,H D F C Bank Jhabua 50200060244460,A,277624.59,0000000258455989
25-01-2026,NEFTCR-UTIB0001506-PHONEPELIMITED-PAYM ENTAGGREGATORESCROW ACCOUNT-VIRENDRAK UMARRATANLALGANDHI-AXNPN02528544283 50200054709856-TPT-AMIT-AMITVIRENDRAKU MARGANDHI,Payment,150000.00,,150000.00,H D F C Bank Jhabua 50200060244460,Amit Gandhi,127624.59,HDFCH00758553184
25-01-2026,"NEFTDR-KKBK0000826-RAJINDUSRIESDAHOD- NETBANK,MUM-HDFCH00758553184-BILL",Payment,90000.00,,90000.00,H D F C Bank Jhabua 50200060244460,A,37624.59,HDFCH00758551222
26-01-2026,"NEFTDR-BDBL0001230-SHREEPREMTRADERSI NDORE-NETBANK, MUM-HDFCH00758551222-BILL",Receipt,,875.00,875.00,H D F C Bank Jhabua 50200060244460,Prem Traders Indore,38499.59,AXNPN02636894071
27-01-2026,NEFTCR-UTIB0001506-PHONEPELIMITED-PAYM ENTAGGREGATORESCROW ACCOUNT-VIRENDRAK UMARRATANLALGANDHI-AXNPN02636894071,Receipt,,1830.00,1830.00,H D F C Bank Jhabua 50200060244460,Phone Pyee,40329.59,AXNPN02744600901
27-01-2026,NEFTCR-UTIB0001506-PHONEPELIMITED-PAYM ENTAGGREGATORESCROW ACCOUNT-VIRENDRAK UMARRATANLALGANDHI-AXNPN02744600901 SIHGAKP0043F0304883414MPPASC-24/01/26,Payment,3408.00,,3408.00,H D F C Bank Jhabua 50200060244460,A,36921.59,000000000000000
28-01-2026,NEFTCR-UTIB0001506-PHONEPELIMITED-PAYM ENTAGGREGATORESCROW ACCOUNT-VIRENDRAK UMARRATANLALGANDHI-AXNPN02851929406,Receipt,,2660.00,2660.00,H D F C Bank Jhabua 50200060244460,Phone Pyee,39581.59,AXNPN02851929406
29-01-2026,NEFTCR-UTIB0001506-PHONEPELIMITED-PAYM,Receipt,,2860.00,2860.00,H D F C Bank Jhabua 50200060244460,Phone Pyee,42441.59,AXNPN02961159124
30-01-2026,ENTAGGREGATORESCROW,Receipt,,9155.00,9155.00,H D F C Bank Jhabua 50200060244460,A,51596.59,AXNPN03068425307
30-01-2026,ACCOUNT-VIRENDRAK UMARRATANLALGANDHI-AXNPN02961159124,Payment,40000.00,,40000.00,H D F C Bank Jhabua 50200060244460,A,11596.59,HDFCH00767447066
31-01-2026,NEFTCR-UTIB0001506-PHONEPELIMITED-PAYM ENTAGGREGATORESCROW ACCOUNT-VIRENDRAK UMARRATANLALGANDHI-AXNPN03068425307,Receipt,,85644.00,85644.00,H D F C Bank Jhabua 50200060244460,Phone Pyee,97240.59,AXNPN03177702644
01-02-2026,"NEFTDR-BKID0009801-SHREEKESHRIYATRADI NGBAG-NETBANK, MUM-HDFCH00767447066-BIL L",Receipt,,6390.00,6390.00,H D F C Bank Jhabua 50200060244460,A,103630.59,AXNPN03286859158
02-02-2026,NEFTCR-UTIB0001506-PHONEPELIMITED-PAYM ENTAGGREGATORESCROW ACCOUNT-VIRENDRAK UMARRATANLALGANDHI-AXNPN03177702644,Receipt,,91565.00,91565.00,H D F C Bank Jhabua 50200060244460,Phone Pyee,195195.59,AXNPN03393709604
03-02-2026,NEFTCR-UTIB0001506-PHONEPELIMITED-PAYM ENTAGGREGATORESCROW ACCOUNT-VIRENDRAK UMARRATANLALGANDHI-AXNPN03286859158,Receipt,,15860.00,15860.00,H D F C Bank Jhabua 50200060244460,Phone Pyee,211055.59,AXNPN03402239948
06-02-2026,NEFTCR-UTIB0001506-PHONEPELIMITED-PAYM ENTAGGREGATORESCROW ACCOUNT-VIRENDRAK UMARRATANLALGANDHI-AXNPN03393709604,Payment,34734.00,,34734.00,H D F C Bank Jhabua 50200060244460,A,176321.59,HDFCH00785183310
06-02-2026,NEFTCR-UTIB0001506-PHONEPELIMITED-PAYM ENTAGGREGATORESCROW ACCOUNT-VIRENDRAK UMARRATANLALGANDHI-AXNPN03402239948,Payment,23850.00,,23850.00,H D F C Bank Jhabua 50200060244460,A,152471.59,HDFCH00785188660
07-02-2026,"INDORE-NETBANK,",Payment,54498.00,,54498.00,H D F C Bank Jhabua 50200060244460,A,97973.59,000000000000000
08-02-2026,MUM-HDFCH00785188660-BIL L EMI801020320CHQS80102032001210226801 020320,Receipt,,34932.00,34932.00,H D F C Bank Jhabua 50200060244460,A,132905.59,AXNPN03943121540
09-02-2026,NEFTCR-UTIB0001506-PHONEPELIMITED-PAYM ENTAGGREGATORESCROW ACCOUNT-VIRENDRAK UMARRATANLALGANDHI-AXNPN03943121540,Receipt,,3815.00,3815.00,H D F C Bank Jhabua 50200060244460,Phone Pyee,136720.59,AXNPN04053133829
09-02-2026,NEFTCR-UTIB0001506-PHONEPELIMITED-PAYM ENTAGGREGATORESCROW ACCOUNT-VIRENDRAK UMARRATANLALGANDHI-AXNPN04053133829 50200031127073-TPT-PAID-SHRIJAYANTTRAD ERS 801020320_17877152-1_PRP_INS_R_ERGO_MORT,Receipt,,812575.00,812575.00,H D F C Bank Jhabua 50200060244460,Phone Pyee,949295.59,0000000241701607
09-02-2026,NEFTCR-UTIB0001506-PHONEPELIMITED-PAYM ENTAGGREGATORESCROW ACCOUNT-VIRENDRAK UMARRATANLALGANDHI-AXNPN04161757760 50200054709856-TPT-HDFCAACF6856C614-AMIT VIRENDRAKUMARGANDHI,Payment,1859.00,,1859.00,H D F C Bank Jhabua 50200060244460,Amit Gandhi,947436.59,000000000000000
10-02-2026,"NEFTDR-IDFB0041264-VAIBHAVLAXMISUGAR BROKER-NETBANK, MUM-HDFCH00795399251-BIL L",Receipt,,24795.00,24795.00,H D F C Bank Jhabua 50200060244460,Vaibhav Laxmi Sugar,972231.59,AXNPN04161757760
10-02-2026,NEFTCR-UTIB0001506-PHONEPELIMITED-PAYM ENTAGGREGATORESCROW ACCOUNT-VIRENDRAK UMARRATANLALGANDHI-AXNPN04271268659,Payment,100000.00,,100000.00,H D F C Bank Jhabua 50200060244460,A,872231.59,0000000258010663
10-02-2026,NEFTCR-UTIB0001506-PHONEPELIMITED-PAYM ENTAGGREGATORESCROW,Payment,589837.00,,589837.00,H D F C Bank Jhabua 50200060244460,A,282394.59,HDFCH00795399251
11-02-2026,No Description,Receipt,,7900.27,7900.27,H D F C Bank Jhabua 50200060244460,A,290294.86,AXNPN04271268659
12-02-2026,No Description,Receipt,,7689.97,7689.97,H D F C Bank Jhabua 50200060244460,A,297984.83,AXNPN04379116312
13-02-2026,ACCOUNT-VIRENDRAK,Receipt,,59283.31,59283.31,H D F C Bank Jhabua 50200060244460,A,357268.14,AXNPN04487677635
14-02-2026,UMARRATANLALGANDHI-AXNPN04379116312,Receipt,,7635.00,7635.00,H D F C Bank Jhabua 50200060244460,A,364903.14,AXNPN04597867516
14-02-2026,NEFTCR-UTIB0001506-PHONEPELIMITED-PAYM ENTAGGREGATORESCROW ACCOUNT-VIRENDRAK UMARRATANLALGANDHI-AXNPN04487677635,Payment,200000.00,,200000.00,H D F C Bank Jhabua 50200060244460,A,164903.14,HDFCR52026021469832255
15-02-2026,NEFTCR-UTIB0001506-PHONEPELIMITED-PAYM ENTAGGREGATORESCROW ACCOUNT-VIRENDRAK UMARRATANLALGANDHI-AXNPN04597867516,Receipt,,1755.00,1755.00,H D F C Bank Jhabua 50200060244460,Phone Pyee,166658.14,AXNPN04606879094
16-02-2026,"RTGSDR-ICIC0004061-TULSITRADERS-NETBAN K,MUM-HDFCR52026021469832255-HDFCD209AF 2F5960",Receipt,,14335.00,14335.00,H D F C Bank Jhabua 50200060244460,A,180993.14,AXNPN04714496232
16-02-2026,NEFTCR-UTIB0001506-PHONEPELIMITED-PAYM ENTAGGREGATORESCROW ACCOUNT-VIRENDRAK UMARRATANLALGANDHI-AXNPN04606879094,Receipt,,1000000.00,1000000.00,H D F C Bank Jhabua 50200060244460,Phone Pyee,1180993.14,000000000000000
17-02-2026,NEFTCR-UTIB0001506-PHONEPELIMITED-PAYM ENTAGGREGATORESCROW ACCOUNT-VIRENDRAK UMARRATANLALGANDHI-AXNPN04714496232,Receipt,,2860.00,2860.00,H D F C Bank Jhabua 50200060244460,Phone Pyee,1183853.14,AXNPN04822981399
18-02-2026,CASHDEPOSITBY-SELF-JOBAT,Contra,,1605.00,1605.00,H D F C Bank Jhabua 50200060244460,Cash,1185458.14,AXNPN04931200584
18-02-2026,NEFTCR-UTIB0001506-PHONEPELIMITED-PAYM ENTAGGREGATORESCROW ACCOUNT-VIRENDRAK UMARRATANLALGANDHI-AXNPN04822981399,Receipt,,19400.00,19400.00,H D F C Bank Jhabua 50200060244460,Phone Pyee,1204858.14,0000000000242912
18-02-2026,CHQDEP-CTSCLG1-ALIRAJPUR:ADHIKSHA,Receipt,,8200.00,8200.00,H D F C Bank Jhabua 50200060244460,A,1213058.14,0000000000242913
18-02-2026,KBALAK AASHRAM FUTTALABBADA:STATE BA NKOFINDIA,Receipt,,19650.00,19650.00,H D F C Bank Jhabua 50200060244460,A,1232708.14,0000000000242914
18-02-2026,CHQDEP-CTSCLG1-ALIRAJPUR:ADHIKSHA KBALAK AASHRAMFUTTALABBADA:STATE BAN KOFINDIA,Receipt,,8200.00,8200.00,H D F C Bank Jhabua 50200060244460,Adhikshak Balak Aasharam,1240908.14,0000000000242915
18-02-2026,CHQDEP-CTSCLG1-ALIRAJPUR:ADHIKSHA KBALAK AASHRAMFUTTALABBADA:STATE BAN KOFINDIA,Receipt,,19000.00,19000.00,H D F C Bank Jhabua 50200060244460,Adhikshak Balak Aasharam,1259908.14,0000000000242916
18-02-2026,CHQDEP-CTSCLG1-ALIRAJPUR:ADHIKSHA KBALAK AASHRAMFUTTALABBADA:STATE BAN KOFINDIA,Receipt,,19500.00,19500.00,H D F C Bank Jhabua 50200060244460,Adhikshak Balak Aasharam,1279408.14,0000000000242918
18-02-2026,CHQDEP-CTSCLG1-ALIRAJPUR:ADHIKSHA KBALAKAASHRAM FUTTALABBADA:STATE BAN KOFINDIA,Receipt,,19250.00,19250.00,H D F C Bank Jhabua 50200060244460,Adhikshak Balak Aasharam,1298658.14,0000000000242917
18-02-2026,CHQDEP-CTSCLG1-ALIRAJPUR:ADHIKSHA KBALAKAASHRAMFUTTALABBADA:STATE BANK OFINDIA,Receipt,,20000.00,20000.00,H D F C Bank Jhabua 50200060244460,Adhikshak Balak Aasharam,1318658.14,0000000000697776
18-02-2026,CHQDEP-CTSCLG1-ALIRAJPUR:ADHIKSHA KGOVTADIWASIBALAK SENIOR CHB:STAT EBANKOFINDIA,Receipt,,35250.00,35250.00,H D F C Bank Jhabua 50200060244460,Adhikshak Govt. Adiwasi,1353908.14,0000000000824362
18-02-2026,CHQDEP-CTSCLG1-ALIRAJPUR:STATEBA NKOFINDIA:STATEBANKOFINDIA,Receipt,,24182.00,24182.00,H D F C Bank Jhabua 50200060244460,A,1378090.14,0000000000824361
19-02-2026,CHQDEP-CTSCLG1-ALIRAJPUR:STATEBA NKOFINDIA:STATEBANKOFINDIA,Receipt,,1530.00,1530.00,H D F C Bank Jhabua 50200060244460,A,1379620.14,AXNPN05058400151
19-02-2026,ENTAGGREGATORESCROW,Payment,254610.00,,254610.00,H D F C Bank Jhabua 50200060244460,A,1125010.14,0000000273526159
20-02-2026,ACCOUNT-VIRENDRAK UMARRATANLALGANDHI-AXNPN05058400151 50200107568507-TPT-BILL-MANISHKOTHARIA NDCOMPANY,Receipt,,1400.00,1400.00,H D F C Bank Jhabua 50200060244460,Manish Kothari,1126410.14,AXNPN05166474206
20-02-2026,NEFTCR-UTIB0001506-PHONEPELIMITED-PAYM ENTAGGREGATORESCROW ACCOUNT-VIRENDRAK UMARRATANLALGANDHI-AXNPN05166474206 ACHD-AXISBANK-6996A27E6F18A05097F68CD,Payment,35653.00,,35653.00,H D F C Bank Jhabua 50200060244460,Axis Bank Ltd,1090757.14,0000003061295843
21-02-2026,NEFTCR-UTIB0001506-PHONEPELIMITED-PAYM ENTAGGREGATORESCROW ACCOUNT-VIRENDRAK UMARRATANLALGANDHI-AXNPN05276284607 SIHGAKP1725A0570685327MPPASC-21/02/26 SIHGAKP1517A0570556833MPPASC-21/02/26,Receipt,,860.00,860.00,H D F C Bank Jhabua 50200060244460,Phone Pyee,1091617.14,AXNPN05276284607
21-02-2026,NEFTCR-UTIB0001506-PHONEPELIMITED-PAYM ENTAGGREGATORESCROW ACCOUNT-VIRENDRAK UMARRATANLALGANDHI-AXNPN05383886482 50200105537405-TPT-REKHAPALRECHA-REKHA PALRECHA,Payment,25.00,,25.00,H D F C Bank Jhabua 50200060244460,A,1091592.14,000000000000000
21-02-2026,NEFTCR-UTIB0001506-PHONEPELIMITED-PAYM ENTAGGREGATORESCROW ACCOUNT-VIRENDRAK UMARRATANLALGANDHI-AXNPN05492386993 50200091095120-TPT-BILL-BAJARANGNAMKIN BHANDAR,Payment,2763.00,,2763.00,H D F C Bank Jhabua 50200060244460,A,1088829.14,000000000000000
22-02-2026,NEFTCR-UTIB0001506-PHONEPELIMITED-PAYM ENTAGGREGATORESCROW ACCOUNT-VIRENDRAK UMARRATANLALGANDHI-AXNPN05500754701,Receipt,,1275.00,1275.00,H D F C Bank Jhabua 50200060244460,Phone Pyee,1090104.14,AXNPN05383886482
22-02-2026,No Description,Payment,1000000.00,,1000000.00,H D F C Bank Jhabua 50200060244460,A,90104.14,0000000208279622
23-02-2026,No Description,Receipt,,421.00,421.00,H D F C Bank Jhabua 50200060244460,A,90525.14,AXNPN05492386993
23-02-2026,No Description,Payment,29040.00,,29040.00,H D F C Bank Jhabua 50200060244460,A,61485.14,0000000106407179
24-02-2026,No Description,Receipt,,61490.00,61490.00,H D F C Bank Jhabua 50200060244460,A,122975.14,AXNPN05500754701
25-02-2026,NEFTCR-UTIB0001506-PHONEPELIMITED-PAYM,Receipt,,6540.00,6540.00,H D F C Bank Jhabua 50200060244460,Phone Pyee,129515.14,AXNPN05609519798
26-02-2026,ENTAGGREGATORESCROW ACCOUNT-VIRENDRAK UMARRATANLALGANDHI-AXNPN05609519798,Receipt,,25480.00,25480.00,H D F C Bank Jhabua 50200060244460,A,154995.14,AXNPN05717767773
27-02-2026,NEFTCR-UTIB0001506-PHONEPELIMITED-PAYM ENTAGGREGATORESCROW ACCOUNT-VIRENDRAK UMARRATANLALGANDHI-AXNPN05717767773,Receipt,,8370.00,8370.00,H D F C Bank Jhabua 50200060244460,Phone Pyee,163365.14,AXNPN05826754907
28-02-2026,NEFTCR-UTIB0001506-PHONEPELIMITED-PAYM ENTAGGREGATORESCROW ACCOUNT-VIRENDRAK UMARRATANLALGANDHI-AXNPN05826754907,Receipt,,35670.00,35670.00,H D F C Bank Jhabua 50200060244460,Phone Pyee,199035.14,AXNPN05934467584
01-03-2026,NEFTCR-UTIB0001506-PHONEPELIMITED-PAYM ENTAGGREGATORESCROW ACCOUNT-VIRENDRAK UMARRATANLALGANDHI-AXNPN05934467584,Receipt,,66770.00,66770.00,H D F C Bank Jhabua 50200060244460,Phone Pyee,265805.14,AXNPN06043342333
02-03-2026,NEFTCR-UTIB0001506-PHONEPELIMITED-PAYM ENTAGGREGATORESCROW ACCOUNT-VIRENDRAK UMARRATANLALGANDHI-AXNPN06043342333,Payment,200000.00,,200000.00,H D F C Bank Jhabua 50200060244460,A,65805.14,HDFCH00833861492
02-03-2026,"NEFTDR-KKBK0000826-RAJINDUSRIESDAHOD- NETBANK,MUM-HDFCH00833861492-BILL",Receipt,,34950.00,34950.00,H D F C Bank Jhabua 50200060244460,A,100755.14,AXNPN06150884609
03-03-2026,NEFTCR-UTIB0001506-PHONEPELIMITED-PAYM ENTAGGREGATORESCROW ACCOUNT-VIRENDRAK UMARRATANLALGANDHI-AXNPN06150884609,Receipt,,3554.81,3554.81,H D F C Bank Jhabua 50200060244460,Phone Pyee,104309.95,AXNPN06259934531
04-03-2026,NEFTCR-UTIB0001506-PHONEPELIMITED-PAYM ENTAGGREGATORESCROW ACCOUNT-VIRENDRAK UMARRATANLALGANDHI-AXNPN06259934531,Receipt,,45450.00,45450.00,H D F C Bank Jhabua 50200060244460,Phone Pyee,149759.95,AXNPN06368110138
05-03-2026,ACCOUNT-VIRENDRAK,Receipt,,9950.00,9950.00,H D F C Bank Jhabua 50200060244460,A,159709.95,AXNPN06474796359
05-03-2026,UMARRATANLALGANDHI-AXNPN06368110138,Payment,100000.00,,100000.00,H D F C Bank Jhabua 50200060244460,A,59709.95,HDFCH00843220848
06-03-2026,NEFTCR-UTIB0001506-PHONEPELIMITED-PAYM ENTAGGREGATORESCROW ACCOUNT-VIRENDRAK UMARRATANLALGANDHI-AXNPN06474796359,Receipt,,690.00,690.00,H D F C Bank Jhabua 50200060244460,Phone Pyee,60399.95,AXNPN06582522476
07-03-2026,"NEFTDR-BDBL0001230-SHREEPREMTRADERSI NDORE-NETBANK, MUM-HDFCH00843220848-BILL",Receipt,,13747.00,13747.00,H D F C Bank Jhabua 50200060244460,Prem Traders Indore,74146.95,AXNPN06691881033
07-03-2026,NEFTCR-UTIB0001506-PHONEPELIMITED-PAYM ENTAGGREGATORESCROW ACCOUNT-VIRENDRAK UMARRATANLALGANDHI-AXNPN06582522476,Payment,54498.00,,54498.00,H D F C Bank Jhabua 50200060244460,A,19648.95,000000000000000
08-03-2026,NEFTCR-UTIB0001506-PHONEPELIMITED-PAYM ENTAGGREGATORESCROW ACCOUNT-VIRENDRAK UMARRATANLALGANDHI-AXNPN06691881033 EMI801020320CHQS80102032001310326801 020320,Receipt,,3586.00,3586.00,H D F C Bank Jhabua 50200060244460,Phone Pyee,23234.95,AXNPN06701215905
09-03-2026,NEFTCR-UTIB0001506-PHONEPELIMITED-PAYM ENTAGGREGATORESCROW ACCOUNT-VIRENDRAK UMARRATANLALGANDHI-AXNPN06701215905,Receipt,,48850.00,48850.00,H D F C Bank Jhabua 50200060244460,Phone Pyee,72084.95,AXNPN06808662899
10-03-2026,NEFTCR-UTIB0001506-PHONEPELIMITED-PAYM ENTAGGREGATORESCROW ACCOUNT-VIRENDRAK UMARRATANLALGANDHI-AXNPN06808662899,Receipt,,35070.00,35070.00,H D F C Bank Jhabua 50200060244460,Phone Pyee,107154.95,AXNPN06917373871
11-03-2026,NEFTCR-UTIB0001506-PHONEPELIMITED-PAYM ENTAGGREGATORESCROW ACCOUNT-VIRENDRAK UMARRATANLALGANDHI-AXNPN06917373871,Receipt,,605.00,605.00,H D F C Bank Jhabua 50200060244460,Phone Pyee,107759.95,AXNPN07025199829
12-03-2026,ENTAGGREGATORESCROW,Receipt,,7975.00,7975.00,H D F C Bank Jhabua 50200060244460,A,115734.95,AXNPN07134819955
13-03-2026,ACCOUNT-VIRENDRAK UMARRATANLALGANDHI-AXNPN07025199829,Receipt,,41316.85,41316.85,H D F C Bank Jhabua 50200060244460,A,157051.80,AXNPN07242970077
13-03-2026,NEFTCR-UTIB0001506-PHONEPELIMITED-PAYM ENTAGGREGATORESCROW ACCOUNT-VIRENDRAK UMARRATANLALGANDHI-AXNPN07134819955,Receipt,,600000.00,600000.00,H D F C Bank Jhabua 50200060244460,Phone Pyee,757051.80,ICICR42026031300514457
13-03-2026,NEFTCR-UTIB0001506-PHONEPELIMITED-PAYM ENTAGGREGATORESCROW ACCOUNT-VIRENDRAK UMARRATANLALGANDHI-AXNPN07242970077,Payment,600000.00,,600000.00,H D F C Bank Jhabua 50200060244460,A,157051.80,0000000000000177
14-03-2026,RTGSCR-ICIC0000011-GORDHANDASSOBHAG M AL-VIRENDRARATANLAL-ICICR42026031300514 457 SELF-CHQPAID-JOBAT,Receipt,,7390.60,7390.60,H D F C Bank Jhabua 50200060244460,A,164442.40,AXNPN07354440796
14-03-2026,NEFTCR-UTIB0001506-PHONEPELIMITED-PAYM ENTAGGREGATORESCROW ACCOUNT-VIRENDRAK UMARRATANLALGANDHI-AXNPN07354440796,Receipt,,64900.00,64900.00,H D F C Bank Jhabua 50200060244460,Phone Pyee,229342.40,0000607308095151
15-03-2026,IMPS-607308095151-GORDHANDASSOBHAGM-I CIC-XXXXXXXX3221-TOVIRENDRARAT,Receipt,,6585.00,6585.00,H D F C Bank Jhabua 50200060244460,A,235927.40,AXNPN07462258012
16-03-2026,NEFTCR-UTIB0001506-PHONEPELIMITED-PAYM ENTAGGREGATORESCROW ACCOUNT-VIRENDRAK UMARRATANLALGANDHI-AXNPN07462258012,Receipt,,1695.00,1695.00,H D F C Bank Jhabua 50200060244460,Phone Pyee,237622.40,AXNPN07570811664
16-03-2026,NEFTCR-UTIB0001506-PHONEPELIMITED-PAYM ENTAGGREGATORESCROW ACCOUNT-VIRENDRAK UMARRATANLALGANDHI-AXNPN07570811664,Receipt,,534400.00,534400.00,H D F C Bank Jhabua 50200060244460,Phone Pyee,772022.40,BKIDR52026031600
17-03-2026,MPANYBAGH-VIRENDRAKUMAR,Receipt,,4635.00,4635.00,H D F C Bank Jhabua 50200060244460,A,776657.40,810565
17-03-2026,RATANLAL-BKIDR 52026031600810565,Payment,700000.00,,700000.00,H D F C Bank Jhabua 50200060244460,A,76657.40,AXNPN07679543596
18-03-2026,NEFTCR-UTIB0001506-PHONEPELIMITED-PAYM ENTAGGREGATORESCROW ACCOUNT-VIRENDRAK UMARRATANLALGANDHI-AXNPN07679543596 SELF-CHQPAID-JOBAT,Receipt,,30525.00,30525.00,H D F C Bank Jhabua 50200060244460,Phone Pyee,107182.40,0000000000000178
18-03-2026,NEFTCR-UTIB0001506-PHONEPELIMITED-PAYM ENTAGGREGATORESCROW ACCOUNT-VIRENDRAK UMARRATANLALGANDHI-AXNPN07788738626,Receipt,,13510.00,13510.00,H D F C Bank Jhabua 50200060244460,Phone Pyee,120692.40,AXNPN07788738626
18-03-2026,CHQDEP-CTSCLG1-ALIRAJPUR:SBI:STA TEBANKOFINDIA,Receipt,,9300.00,9300.00,H D F C Bank Jhabua 50200060244460,A,129992.40,0000000000697785
19-03-2026,CHQDEP-CTSCLG1-ALIRAJPUR:SBI:STA TEBANKOFINDIA,Receipt,,4365.00,4365.00,H D F C Bank Jhabua 50200060244460,A,134357.40,0000000000697786
20-03-2026,NEFTCR-UTIB0001506-PHONEPELIMITED-PAYM ENTAGGREGATORESCROW ACCOUNT-VIRENDRAK UMARRATANLALGANDHI-AXNPN07897131111,Receipt,,64412.60,64412.60,H D F C Bank Jhabua 50200060244460,Phone Pyee,198770.00,AXNPN07897131111
20-03-2026,NEFTCR-UTIB0001506-PHONEPELIMITED-PAYM ENTAGGREGATORESCROW ACCOUNT-VIRENDRAK UMARRATANLALGANDHI-AXNPN07904544721 ACHD-AXISBANK-69BAA5CC0A26DB38845C159,Payment,35653.00,,35653.00,H D F C Bank Jhabua 50200060244460,Axis Bank Ltd,163117.00,AXNPN07904544721
20-03-2026,CHQDEP-CTSCLG1-ALIRAJPUR:ADHIKSHA KBALAKAASHRAKMEHTALABBADA:STATE BANK OFINDIA,Receipt,,19300.00,19300.00,H D F C Bank Jhabua 50200060244460,Adhikshak Balak Aasharam,182417.00,0000003250643938
20-03-2026,CHQDEP-CTSCLG1-ALIRAJPUR:ADHIKSHA KBALAKAASHRAMPUTTALABRADA:STATE BANK,Receipt,,8200.00,8200.00,H D F C Bank Jhabua 50200060244460,Adhikshak Balak Aasharam,190617.00,0000000000242924
20-03-2026,OFINDIA,Receipt,,15300.00,15300.00,H D F C Bank Jhabua 50200060244460,A,205917.00,0000000000242929
20-03-2026,CHQDEP-CTSCLG1-ALIRAJPUR:ADHIKSHA KBALAKAASHRAMFUTTALABBADA:STATE BANK OFINDIA,Receipt,,6000.00,6000.00,H D F C Bank Jhabua 50200060244460,Adhikshak Balak Aasharam,211917.00,0000000000697788
20-03-2026,CHQDEP-CTSCLG1-ALIRAJPUR:ADHIKSHA KGOVTADIWASIBALAKSENIORCHB:STATE BANKOFINDIA,Receipt,,16615.00,16615.00,H D F C Bank Jhabua 50200060244460,Adhikshak Govt. Adiwasi,228532.00,0000000000697789
21-03-2026,CHQDEP-CTSCLG1-ALIRAJPUR:ADHIKSHA KGOVTADIWASIBALAKSENIORCHB:STATE BANKOFINDIA,Receipt,,50310.00,50310.00,H D F C Bank Jhabua 50200060244460,Adhikshak Govt. Adiwasi,278842.00,AXNPN08014029221
21-03-2026,NEFTCR-UTIB0001506-PHONEPELIMITED-PAYM ENTAGGREGATORESCROW ACCOUNT-VIRENDRAK UMARRATANLALGANDHI-AXNPN08014029221,Payment,40000.00,,40000.00,H D F C Bank Jhabua 50200060244460,A,238842.00,HDFCH00879460156
22-03-2026,"NEFTDR-CBIN0MPDCAQ-MANDISHULK KHATA-NE TBANK, MUM-HDFCH00879460156-HDFC1C0E8CFD BC6C",Receipt,,10340.00,10340.00,H D F C Bank Jhabua 50200060244460,A,249182.00,AXNPN08120767132
23-03-2026,NEFTCR-UTIB0001506-PHONEPELIMITED-PAYM ENTAGGREGATORESCROW ACCOUNT-VIRENDRAK UMARRATANLALGANDHI-AXNPN08120767132,Receipt,,3730.00,3730.00,H D F C Bank Jhabua 50200060244460,Phone Pyee,252912.00,AXNPN08229330988
23-03-2026,NEFTCR-UTIB0001506-PHONEPELIMITED-PAYM ENTAGGREGATORESCROW ACCOUNT-VIRENDRAK UMARRATANLALGANDHI-AXNPN08229330988 SIHGAKP077BA0848470599MPPASC-21/03/26 SIHGAKP0E5320848449316MPPASC-21/03/26,Payment,348.00,,348.00,H D F C Bank Jhabua 50200060244460,A,252564.00,000000000000000
23-03-2026,NEFTCR-UTIB0001506-PHONEPELIMITED-PAYM ENTAGGREGATORESCROW,Payment,3285.00,,3285.00,H D F C Bank Jhabua 50200060244460,A,249279.00,000000000000000
24-03-2026,No Description,Receipt,,3835.00,3835.00,H D F C Bank Jhabua 50200060244460,A,253114.00,AXNPN08337667841
24-03-2026,ACCOUNT-VIRENDRAK,Receipt,,412228.00,412228.00,H D F C Bank Jhabua 50200060244460,A,665342.00,0000000000000122
25-03-2026,UMARRATANLALGANDHI-AXNPN08337667841,Receipt,,28785.00,28785.00,H D F C Bank Jhabua 50200060244460,A,694127.00,AXNPN08445423499
26-03-2026,FT-CR-59254311111111-RISHITTRADER S,Receipt,,56592.73,56592.73,H D F C Bank Jhabua 50200060244460,A,750719.73,AXNPN08554589595
27-03-2026,NEFTCR-UTIB0001506-PHONEPELIMITED-PAYM ENTAGGREGATORESCROW ACCOUNT-VIRENDRAK UMARRATANLALGANDHI-AXNPN08445423499,Receipt,,8891.87,8891.87,H D F C Bank Jhabua 50200060244460,Phone Pyee,759611.60,AXNPN08662356303
27-03-2026,NEFTCR-UTIB0001506-PHONEPELIMITED-PAYM ENTAGGREGATORESCROW ACCOUNT-VIRENDRAK UMARRATANLALGANDHI-AXNPN08554589595,Payment,219680.00,,219680.00,H D F C Bank Jhabua 50200060244460,A,539931.60,HDFCR52026032788153534
27-03-2026,NEFTCR-UTIB0001506-PHONEPELIMITED-PAYM ENTAGGREGATORESCROW ACCOUNT-VIRENDRAK UMARRATANLALGANDHI-AXNPN08662356303,Payment,180000.00,,180000.00,H D F C Bank Jhabua 50200060244460,A,359931.60,HDFCH00892315402
28-03-2026,"RTGSDR-ICIC0004061-TULSITRADERS-NETBAN K,MUM-HDFCR52026032788153534-BILL",Receipt,,9520.00,9520.00,H D F C Bank Jhabua 50200060244460,A,369451.60,AXNPN08771329263
28-03-2026,"NEFTDR-KKBK0000826-RAJINDUSRIESDAHOD- NETBANK,MUM-HDFCH00892315402-BILL",Receipt,,441617.00,441617.00,H D F C Bank Jhabua 50200060244460,A,811068.60,0000608714282548
28-03-2026,NEFTCR-UTIB0001506-PHONEPELIMITED-PAYM ENTAGGREGATORESCROW ACCOUNT-VIRENDRAK UMARRATANLALGANDHI-AXNPN08771329263,Receipt,,800000.00,800000.00,H D F C Bank Jhabua 50200060244460,Phone Pyee,1611068.60,AXOMB08702086777
29-03-2026,IMPS-608714282548-RISHITTRADERS-ICIC-XX XXXXXX0176-VIRENDRAKUMAR,Payment,34063.00,,34063.00,H D F C Bank Jhabua 50200060244460,A,1577005.60,0000000204589302
29-03-2026,RANGNAMKINBHANDAR,Payment,400000.00,,400000.00,H D F C Bank Jhabua 50200060244460,A,1177005.60,HDFCR52026032988517804
29-03-2026,"RTGSDR-BKID0009813-CHOUDHARY INTERPRISE -NETBANK,MUM-HDFCR52026032988517804-BIL L",Receipt,,5540.00,5540.00,H D F C Bank Jhabua 50200060244460,Choudhary Enterprises,1182545.60,AXNPN08880031793
30-03-2026,NEFTCR-UTIB0001506-PHONEPELIMITED-PAYM ENTAGGREGATORESCROW ACCOUNT-VIRENDRAK UMARRATANLALGANDHI-AXNPN08880031793,Receipt,,8510.00,8510.00,H D F C Bank Jhabua 50200060244460,Phone Pyee,1191055.60,AXNPN08987520052
30-03-2026,NEFTCR-UTIB0001506-PHONEPELIMITED-PAYM ENTAGGREGATORESCROW ACCOUNT-VIRENDRAK UMARRATANLALGANDHI-AXNPN08987520052,Payment,125700.00,,125700.00,H D F C Bank Jhabua 50200060244460,A,1065355.60,HDFCH00894710423
30-03-2026,"NEFTDR-ICIC0004110-KISHANLALNATHULALA NDSONS-NETBANK, MUM-HDFCH00894710423-HD FC843D0E6F8393 A2AINT01-C43971300326134428- -50200 032964760-HIRANYARAJAGROCOMPRIVATE LIMITED",Receipt,,400000.00,400000.00,H D F C Bank Jhabua 50200060244460,Kisanlal Nathulal & Sons Kukshi,1465355.60,0000001546805646
31-03-2026,NEFTCR-YESB0000001-PHONEPELIMITED-VIRE NDRAKUMARRATANLAL GANDHI-YESAP60905433 038,Receipt,,6699.35,6699.35,H D F C Bank Jhabua 50200060244460,Phone Pyee,1472054.95,YESAP60905433038
31-03-2026,IMPS-609020578133-AGRAWALMAYANK1022-SBIN -XXXXXXXXXXXXX4136-REQPAY,Receipt,,100.00,100.00,H D F C Bank Jhabua 50200060244460,A,1472154.95,0000609020578133
31-03-2026,NEFTCR-SBIN0002888-AGRAWAL TRADERS-VIRE NDRAKUMARRATANLAL GANDHI-SBIN226090530 247,Receipt,,263779.00,263779.00,H D F C Bank Jhabua 50200060244460,Agrawal Traders Ranapur,1735933.95,SBIN226090530247
