<?xml version="1.0" encoding="UTF-8"?>
<ENVELOPE>
  <HEADER>
    <TALLYREQUEST>Import Data</TALLYREQUEST>
  </HEADER>
  <BODY>
    <IMPORTDATA>
      <REQUESTDESC>
        <REPORTNAME>Vouchers</REPORTNAME>
        <STATICVARIABLES>
          <SVCURRENTCOMPANY>##SVCURRENTCOMPANY</SVCURRENTCOMPANY>
        </STATICVARIABLES>
      </REQUESTDESC>
      <REQUESTDATA>
        <TALLYMESSAGE xmlns:UDF="TallyUDF">
          <VOUCHER REMOTEID="BankImport-1" VCHTYPE="Payment" ACTION="Create" OBJVIEW="Accounting Voucher View">
            <DATE>20260403</DATE>
            <VOUCHERTYPENAME>Payment</VOUCHERTYPENAME>
            <VOUCHERNUMBER>1</VOUCHERNUMBER>
            <REFERENCE>0000000497814580</REFERENCE>
            <NARRATION>50200099631896-TPT-HDFC296205F88346-RAHU LRATHOD</NARRATION>
            <EFFECTIVEDATE>20260403</EFFECTIVEDATE>
            <ALLLEDGERENTRIES.LIST>
              <LEDGERNAME>A</LEDGERNAME>
              <ISDEEMEDPOSITIVE>Yes</ISDEEMEDPOSITIVE>
              <AMOUNT>-1000000.00</AMOUNT>
            </ALLLEDGERENTRIES.LIST>
            <ALLLEDGERENTRIES.LIST>
              <LEDGERNAME>Hdfc Bank 50200080902591</LEDGERNAME>
              <ISDEEMEDPOSITIVE>No</ISDEEMEDPOSITIVE>
              <AMOUNT>1000000.00</AMOUNT>
            </ALLLEDGERENTRIES.LIST>
          </VOUCHER>
          <VOUCHER REMOTEID="BankImport-2" VCHTYPE="Receipt" ACTION="Create" OBJVIEW="Accounting Voucher View">
            <DATE>20260408</DATE>
            <VOUCHERTYPENAME>Receipt</VOUCHERTYPENAME>
            <VOUCHERNUMBER>2</VOUCHERNUMBER>
            <REFERENCE>SBIN326098134073</REFERENCE>
            <NARRATION>NEFTCR-SBIN0030042-DHANI COTTON-YATHART HTRADERS-SBIN326098134073</NARRATION>
            <EFFECTIVEDATE>20260408</EFFECTIVEDATE>
            <ALLLEDGERENTRIES.LIST>
              <LEDGERNAME>Hdfc Bank 50200080902591</LEDGERNAME>
              <ISDEEMEDPOSITIVE>Yes</ISDEEMEDPOSITIVE>
              <AMOUNT>-658439.00</AMOUNT>
            </ALLLEDGERENTRIES.LIST>
            <ALLLEDGERENTRIES.LIST>
              <LEDGERNAME>J B Traders</LEDGERNAME>
              <ISDEEMEDPOSITIVE>No</ISDEEMEDPOSITIVE>
              <AMOUNT>658439.00</AMOUNT>
            </ALLLEDGERENTRIES.LIST>
          </VOUCHER>
          <VOUCHER REMOTEID="BankImport-3" VCHTYPE="Payment" ACTION="Create" OBJVIEW="Accounting Voucher View">
            <DATE>20260413</DATE>
            <VOUCHERTYPENAME>Payment</VOUCHERTYPENAME>
            <VOUCHERNUMBER>3</VOUCHERNUMBER>
            <REFERENCE>0000000317393940</REFERENCE>
            <NARRATION>50200099631896-TPT-NBHFKLRFNSO3CVUT-RAHU LRATHOD</NARRATION>
            <EFFECTIVEDATE>20260413</EFFECTIVEDATE>
            <ALLLEDGERENTRIES.LIST>
              <LEDGERNAME>A</LEDGERNAME>
              <ISDEEMEDPOSITIVE>Yes</ISDEEMEDPOSITIVE>
              <AMOUNT>-1900000.00</AMOUNT>
            </ALLLEDGERENTRIES.LIST>
            <ALLLEDGERENTRIES.LIST>
              <LEDGERNAME>Hdfc Bank 50200080902591</LEDGERNAME>
              <ISDEEMEDPOSITIVE>No</ISDEEMEDPOSITIVE>
              <AMOUNT>1900000.00</AMOUNT>
            </ALLLEDGERENTRIES.LIST>
          </VOUCHER>
          <VOUCHER REMOTEID="BankImport-4" VCHTYPE="Receipt" ACTION="Create" OBJVIEW="Accounting Voucher View">
            <DATE>20260415</DATE>
            <VOUCHERTYPENAME>Receipt</VOUCHERTYPENAME>
            <VOUCHERNUMBER>4</VOUCHERNUMBER>
            <REFERENCE>SBIN326105638212</REFERENCE>
            <NARRATION>NEFTCR-SBIN0030042-DHANICOTTONINDUSTR IES-YATHARTHTRADERS-SBIN326105638212</NARRATION>
            <EFFECTIVEDATE>20260415</EFFECTIVEDATE>
            <ALLLEDGERENTRIES.LIST>
              <LEDGERNAME>Hdfc Bank 50200080902591</LEDGERNAME>
              <ISDEEMEDPOSITIVE>Yes</ISDEEMEDPOSITIVE>
              <AMOUNT>-505726.00</AMOUNT>
            </ALLLEDGERENTRIES.LIST>
            <ALLLEDGERENTRIES.LIST>
              <LEDGERNAME>J B Traders</LEDGERNAME>
              <ISDEEMEDPOSITIVE>No</ISDEEMEDPOSITIVE>
              <AMOUNT>505726.00</AMOUNT>
            </ALLLEDGERENTRIES.LIST>
          </VOUCHER>
          <VOUCHER REMOTEID="BankImport-5" VCHTYPE="Receipt" ACTION="Create" OBJVIEW="Accounting Voucher View">
            <DATE>20260415</DATE>
            <VOUCHERTYPENAME>Receipt</VOUCHERTYPENAME>
            <VOUCHERNUMBER>5</VOUCHERNUMBER>
            <REFERENCE>0000000000000010</REFERENCE>
            <NARRATION>FT-CR-50200099631896-RAHULRATHOD</NARRATION>
            <EFFECTIVEDATE>20260415</EFFECTIVEDATE>
            <ALLLEDGERENTRIES.LIST>
              <LEDGERNAME>Hdfc Bank 50200080902591</LEDGERNAME>
              <ISDEEMEDPOSITIVE>Yes</ISDEEMEDPOSITIVE>
              <AMOUNT>-500000.00</AMOUNT>
            </ALLLEDGERENTRIES.LIST>
            <ALLLEDGERENTRIES.LIST>
              <LEDGERNAME>A</LEDGERNAME>
              <ISDEEMEDPOSITIVE>No</ISDEEMEDPOSITIVE>
              <AMOUNT>500000.00</AMOUNT>
            </ALLLEDGERENTRIES.LIST>
          </VOUCHER>
          <VOUCHER REMOTEID="BankImport-6" VCHTYPE="Contra" ACTION="Create" OBJVIEW="Accounting Voucher View">
            <DATE>20260415</DATE>
            <VOUCHERTYPENAME>Contra</VOUCHERTYPENAME>
            <VOUCHERNUMBER>6</VOUCHERNUMBER>
            <REFERENCE>0000000000000059</REFERENCE>
            <NARRATION>SELF-CHQPAID-JOBAT</NARRATION>
            <EFFECTIVEDATE>20260415</EFFECTIVEDATE>
            <ALLLEDGERENTRIES.LIST>
              <LEDGERNAME>Cash</LEDGERNAME>
              <ISDEEMEDPOSITIVE>Yes</ISDEEMEDPOSITIVE>
              <AMOUNT>-1000000.00</AMOUNT>
            </ALLLEDGERENTRIES.LIST>
            <ALLLEDGERENTRIES.LIST>
              <LEDGERNAME>Hdfc Bank 50200080902591</LEDGERNAME>
              <ISDEEMEDPOSITIVE>No</ISDEEMEDPOSITIVE>
              <AMOUNT>1000000.00</AMOUNT>
            </ALLLEDGERENTRIES.LIST>
          </VOUCHER>
          <VOUCHER REMOTEID="BankImport-7" VCHTYPE="Receipt" ACTION="Create" OBJVIEW="Accounting Voucher View">
            <DATE>20260420</DATE>
            <VOUCHERTYPENAME>Receipt</VOUCHERTYPENAME>
            <VOUCHERNUMBER>7</VOUCHERNUMBER>
            <REFERENCE>BARBD26110392722</REFERENCE>
            <NARRATION>NEFTCR-BARB0ANJADX-SATKARINDUSTRIES P LTDUNITII-YATHARTH TRADERS-BARBD261103 92722</NARRATION>
            <EFFECTIVEDATE>20260420</EFFECTIVEDATE>
            <ALLLEDGERENTRIES.LIST>
              <LEDGERNAME>Hdfc Bank 50200080902591</LEDGERNAME>
              <ISDEEMEDPOSITIVE>Yes</ISDEEMEDPOSITIVE>
              <AMOUNT>-18610.00</AMOUNT>
            </ALLLEDGERENTRIES.LIST>
            <ALLLEDGERENTRIES.LIST>
              <LEDGERNAME>J B Traders</LEDGERNAME>
              <ISDEEMEDPOSITIVE>No</ISDEEMEDPOSITIVE>
              <AMOUNT>18610.00</AMOUNT>
            </ALLLEDGERENTRIES.LIST>
          </VOUCHER>
          <VOUCHER REMOTEID="BankImport-8" VCHTYPE="Payment" ACTION="Create" OBJVIEW="Accounting Voucher View">
            <DATE>20260421</DATE>
            <VOUCHERTYPENAME>Payment</VOUCHERTYPENAME>
            <VOUCHERNUMBER>8</VOUCHERNUMBER>
            <REFERENCE>0000611101290355</REFERENCE>
            <NARRATION>MEDCSI403875XXXXXX6740GOOGLEPLAY</NARRATION>
            <EFFECTIVEDATE>20260421</EFFECTIVEDATE>
            <ALLLEDGERENTRIES.LIST>
              <LEDGERNAME>A</LEDGERNAME>
              <ISDEEMEDPOSITIVE>Yes</ISDEEMEDPOSITIVE>
              <AMOUNT>-59.00</AMOUNT>
            </ALLLEDGERENTRIES.LIST>
            <ALLLEDGERENTRIES.LIST>
              <LEDGERNAME>Hdfc Bank 50200080902591</LEDGERNAME>
              <ISDEEMEDPOSITIVE>No</ISDEEMEDPOSITIVE>
              <AMOUNT>59.00</AMOUNT>
            </ALLLEDGERENTRIES.LIST>
          </VOUCHER>
          <VOUCHER REMOTEID="BankImport-9" VCHTYPE="Payment" ACTION="Create" OBJVIEW="Accounting Voucher View">
            <DATE>20260421</DATE>
            <VOUCHERTYPENAME>Payment</VOUCHERTYPENAME>
            <VOUCHERNUMBER>9</VOUCHERNUMBER>
            <REFERENCE>0000611101291145</REFERENCE>
            <NARRATION>MEDCSI403875XXXXXX6740GOOGLEPLAY</NARRATION>
            <EFFECTIVEDATE>20260421</EFFECTIVEDATE>
            <ALLLEDGERENTRIES.LIST>
              <LEDGERNAME>A</LEDGERNAME>
              <ISDEEMEDPOSITIVE>Yes</ISDEEMEDPOSITIVE>
              <AMOUNT>-99.00</AMOUNT>
            </ALLLEDGERENTRIES.LIST>
            <ALLLEDGERENTRIES.LIST>
              <LEDGERNAME>Hdfc Bank 50200080902591</LEDGERNAME>
              <ISDEEMEDPOSITIVE>No</ISDEEMEDPOSITIVE>
              <AMOUNT>99.00</AMOUNT>
            </ALLLEDGERENTRIES.LIST>
          </VOUCHER>
          <VOUCHER REMOTEID="BankImport-10" VCHTYPE="Payment" ACTION="Create" OBJVIEW="Accounting Voucher View">
            <DATE>20260521</DATE>
            <VOUCHERTYPENAME>Payment</VOUCHERTYPENAME>
            <VOUCHERNUMBER>10</VOUCHERNUMBER>
            <REFERENCE>0000614101754736</REFERENCE>
            <NARRATION>MEDCSI403875XXXXXX6740GOOGLEPLAY</NARRATION>
            <EFFECTIVEDATE>20260521</EFFECTIVEDATE>
            <ALLLEDGERENTRIES.LIST>
              <LEDGERNAME>A</LEDGERNAME>
              <ISDEEMEDPOSITIVE>Yes</ISDEEMEDPOSITIVE>
              <AMOUNT>-59.00</AMOUNT>
            </ALLLEDGERENTRIES.LIST>
            <ALLLEDGERENTRIES.LIST>
              <LEDGERNAME>Hdfc Bank 50200080902591</LEDGERNAME>
              <ISDEEMEDPOSITIVE>No</ISDEEMEDPOSITIVE>
              <AMOUNT>59.00</AMOUNT>
            </ALLLEDGERENTRIES.LIST>
          </VOUCHER>
          <VOUCHER REMOTEID="BankImport-11" VCHTYPE="Payment" ACTION="Create" OBJVIEW="Accounting Voucher View">
            <DATE>20260521</DATE>
            <VOUCHERTYPENAME>Payment</VOUCHERTYPENAME>
            <VOUCHERNUMBER>11</VOUCHERNUMBER>
            <REFERENCE>0000614101755670</REFERENCE>
            <NARRATION>MEDCSI403875XXXXXX6740GOOGLEPLAY</NARRATION>
            <EFFECTIVEDATE>20260521</EFFECTIVEDATE>
            <ALLLEDGERENTRIES.LIST>
              <LEDGERNAME>A</LEDGERNAME>
              <ISDEEMEDPOSITIVE>Yes</ISDEEMEDPOSITIVE>
              <AMOUNT>-99.00</AMOUNT>
            </ALLLEDGERENTRIES.LIST>
            <ALLLEDGERENTRIES.LIST>
              <LEDGERNAME>Hdfc Bank 50200080902591</LEDGERNAME>
              <ISDEEMEDPOSITIVE>No</ISDEEMEDPOSITIVE>
              <AMOUNT>99.00</AMOUNT>
            </ALLLEDGERENTRIES.LIST>
          </VOUCHER>
          <VOUCHER REMOTEID="BankImport-12" VCHTYPE="Receipt" ACTION="Create" OBJVIEW="Accounting Voucher View">
            <DATE>20260521</DATE>
            <VOUCHERTYPENAME>Receipt</VOUCHERTYPENAME>
            <VOUCHERNUMBER>12</VOUCHERNUMBER>
            <REFERENCE>0000000930138427</REFERENCE>
            <NARRATION>50200099631896-TPT-HDFCB59BFED092CA-RAHU LRATHOD</NARRATION>
            <EFFECTIVEDATE>20260521</EFFECTIVEDATE>
            <ALLLEDGERENTRIES.LIST>
              <LEDGERNAME>Hdfc Bank 50200080902591</LEDGERNAME>
              <ISDEEMEDPOSITIVE>Yes</ISDEEMEDPOSITIVE>
              <AMOUNT>-100000.00</AMOUNT>
            </ALLLEDGERENTRIES.LIST>
            <ALLLEDGERENTRIES.LIST>
              <LEDGERNAME>A</LEDGERNAME>
              <ISDEEMEDPOSITIVE>No</ISDEEMEDPOSITIVE>
              <AMOUNT>100000.00</AMOUNT>
            </ALLLEDGERENTRIES.LIST>
          </VOUCHER>
          <VOUCHER REMOTEID="BankImport-13" VCHTYPE="Payment" ACTION="Create" OBJVIEW="Accounting Voucher View">
            <DATE>20260523</DATE>
            <VOUCHERTYPENAME>Payment</VOUCHERTYPENAME>
            <VOUCHERNUMBER>13</VOUCHERNUMBER>
            <REFERENCE>HDFCH01013539283</REFERENCE>
            <NARRATION>NEFTDR-ICIC0004110-ARPITAKIRANASTORE- NETBANK, MUM-HDFCH01013539283-HDFC274748 85D8E9</NARRATION>
            <EFFECTIVEDATE>20260523</EFFECTIVEDATE>
            <ALLLEDGERENTRIES.LIST>
              <LEDGERNAME>A</LEDGERNAME>
              <ISDEEMEDPOSITIVE>Yes</ISDEEMEDPOSITIVE>
              <AMOUNT>-1000.00</AMOUNT>
            </ALLLEDGERENTRIES.LIST>
            <ALLLEDGERENTRIES.LIST>
              <LEDGERNAME>Hdfc Bank 50200080902591</LEDGERNAME>
              <ISDEEMEDPOSITIVE>No</ISDEEMEDPOSITIVE>
              <AMOUNT>1000.00</AMOUNT>
            </ALLLEDGERENTRIES.LIST>
          </VOUCHER>
          <VOUCHER REMOTEID="BankImport-14" VCHTYPE="Payment" ACTION="Create" OBJVIEW="Accounting Voucher View">
            <DATE>20260523</DATE>
            <VOUCHERTYPENAME>Payment</VOUCHERTYPENAME>
            <VOUCHERNUMBER>14</VOUCHERNUMBER>
            <REFERENCE>HDFCH01013971158</REFERENCE>
            <NARRATION>NEFTDR-ICIC0004110-ARPITAKIRANASTORE- NETBANK, MUM-HDFCH01013971158-HDFCB9E609 C06F9F</NARRATION>
            <EFFECTIVEDATE>20260523</EFFECTIVEDATE>
            <ALLLEDGERENTRIES.LIST>
              <LEDGERNAME>A</LEDGERNAME>
              <ISDEEMEDPOSITIVE>Yes</ISDEEMEDPOSITIVE>
              <AMOUNT>-195827.00</AMOUNT>
            </ALLLEDGERENTRIES.LIST>
            <ALLLEDGERENTRIES.LIST>
              <LEDGERNAME>Hdfc Bank 50200080902591</LEDGERNAME>
              <ISDEEMEDPOSITIVE>No</ISDEEMEDPOSITIVE>
              <AMOUNT>195827.00</AMOUNT>
            </ALLLEDGERENTRIES.LIST>
          </VOUCHER>
          <VOUCHER REMOTEID="BankImport-15" VCHTYPE="Receipt" ACTION="Create" OBJVIEW="Accounting Voucher View">
            <DATE>20260527</DATE>
            <VOUCHERTYPENAME>Receipt</VOUCHERTYPENAME>
            <VOUCHERNUMBER>15</VOUCHERNUMBER>
            <REFERENCE>0000000311910956</REFERENCE>
            <NARRATION>50200099631896-TPT-HDFCD82EB8A322F7-RAHU LRATHOD</NARRATION>
            <EFFECTIVEDATE>20260527</EFFECTIVEDATE>
            <ALLLEDGERENTRIES.LIST>
              <LEDGERNAME>Hdfc Bank 50200080902591</LEDGERNAME>
              <ISDEEMEDPOSITIVE>Yes</ISDEEMEDPOSITIVE>
              <AMOUNT>-20000.00</AMOUNT>
            </ALLLEDGERENTRIES.LIST>
            <ALLLEDGERENTRIES.LIST>
              <LEDGERNAME>A</LEDGERNAME>
              <ISDEEMEDPOSITIVE>No</ISDEEMEDPOSITIVE>
              <AMOUNT>20000.00</AMOUNT>
            </ALLLEDGERENTRIES.LIST>
          </VOUCHER>
        </TALLYMESSAGE>
      </REQUESTDATA>
    </IMPORTDATA>
  </BODY>
</ENVELOPE>
