Date,Narration,Voucher Type,Debit,Credit,Amount,Bank Ledger,Contra Ledger,Balance,Reference
31-03-2026,"31/03/2026 31/03/2026 EBANK:1501974810/mintifi/114403959766/ CCAVENUES I 1,01,455.81",Payment,101455.81,,101455.81,Bank Account,A,191045.64,
31-03-2026,"31/03/2026 31/03/2026 NEFT-BARBS26090197557-RAHUL 60,210.00 AGENCIES-AXIS BANK LT",Payment,60210.00,,60210.00,Bank Account,Axis Bank Ltd,251255.64,
31-03-2026,31/03/2026 31/03/2026 Charges for PORD Customer Payment 5.60 :003552116981,Payment,5.60,,5.60,Bank Account,BANK CHARGES,251261.24,
31-03-2026,"31/03/2026 31/03/2026 NEFT-BARBS26090195654-THE 30,549.00 DISTRIBUTION CHANNEL-HDF",Payment,30549.00,,30549.00,Bank Account,A,281810.24,
31-03-2026,31/03/2026 31/03/2026 Charges for PORD Customer Payment 5.60 :003552115215,Payment,5.60,,5.60,Bank Account,BANK CHARGES,281815.84,
31-03-2026,"31/03/2026 31/03/2026 MBK/609005481959/22:30:00/SIDDHANT 17,857.00 AGENCIES BHABR",Payment,17857.00,,17857.00,Bank Account,A,299672.84,
31-03-2026,31/03/2026 31/03/2026 NEFT-BARBS26090195285-AADESH 200.00 ENTERPRISES-I.C.I.C.I,Payment,200.00,,200.00,Bank Account,A,299872.84,
31-03-2026,31/03/2026 31/03/2026 Charges for PORD Customer Payment 2.65 :003552114624,Payment,2.65,,2.65,Bank Account,BANK CHARGES,299875.49,
31-03-2026,"31/03/2026 31/03/2026 NEFT-BARBS26090195092-ATHARV 8,309.00 AGENCY-HDFC BANK LTD.",Payment,8309.00,,8309.00,Bank Account,A,308184.49,
31-03-2026,31/03/2026 31/03/2026 Charges for PORD Customer Payment 2.65 :003552113921,Payment,2.65,,2.65,Bank Account,BANK CHARGES,308187.14,
31-03-2026,"31/03/2026 31/03/2026 NEFT-BARBR26090822580-JYOTI SELS 24,540.00 KUKSHI-HDFC BANK",Payment,24540.00,,24540.00,Bank Account,A,332727.14,
31-03-2026,31/03/2026 31/03/2026 Charges for PORD Customer Payment 5.60 :003551721176,Payment,5.60,,5.60,Bank Account,BANK CHARGES,332732.74,
31-03-2026,"31/03/2026 31/03/2026 MBK/609003033639/18:43:46/SIDDHANT 1,149.00 to anisha mark",Payment,1149.00,,1149.00,Bank Account,Sarkk & Associates,333881.74,
31-03-2026,"31/03/2026 31/03/2026 MBK/609003016064/18:42:14/SIDDHANT 60,210.00 to anisha mark",Payment,60210.00,,60210.00,Bank Account,Sarkk & Associates,394091.74,
31-03-2026,"31/03/2026 31/03/2026 NEFT-BARBR26090785511-RIDIT 68,233.00 ENTERPRISES-HDFC BANK",Payment,68233.00,,68233.00,Bank Account,A,462324.74,
31-03-2026,31/03/2026 31/03/2026 Charges for PORD Customer Payment 5.60 :003551683618,Payment,5.60,,5.60,Bank Account,BANK CHARGES,462330.34,
27-03-2026,"27/03/2026 27/03/2026 EBANK:1501129499/mintifi/114393215655/ CCAVENUES I 2,00,000.00",Payment,200000.00,,200000.00,Bank Account,A,662330.34,
26-03-2026,"26/03/2026 26/03/2026 By DD Num 374490 Paid 2,70,000.00",Receipt,,270000.00,270000.00,Bank Account,A,392330.34,
26-03-2026,"26/03/2026 26/03/2026 NEFT-BARBR26085542748-AADESH 9,847.00 ENTERPRISES-I.C.I.C.I",Payment,9847.00,,9847.00,Bank Account,A,402177.34,
26-03-2026,26/03/2026 26/03/2026 Charges for PORD Customer Payment 2.65 :003538359889,Payment,2.65,,2.65,Bank Account,BANK CHARGES,402179.99,
26-03-2026,"26/03/2026 26/03/2026 BY INST 737090 - MICR CLG (CTS) 40,000.00",Receipt,,40000.00,40000.00,Bank Account,A,362179.99,
25-03-2026,"25/03/2026 25/03/2026 MBK/608445079078/19:24:36/rtb 60,000.00",Receipt,,60000.00,60000.00,Bank Account,A,302179.99,
25-03-2026,"25/03/2026 25/03/2026 NEFT-BARBZ26084763180-AADESH 76,270.00 ENTERPRISES PVT LT-I.",Payment,76270.00,,76270.00,Bank Account,A,378449.99,
25-03-2026,25/03/2026 25/03/2026 Charges for PORD Customer Payment 5.60 :003535029709,Payment,5.60,,5.60,Bank Account,BANK CHARGES,378455.59,
24-03-2026,"24/03/2026 24/03/2026 BY CASH 3,00,000.00",Contra,,300000.00,300000.00,Bank Account,Cash,78455.59,
24-03-2026,"24/03/2026 24/03/2026 MBK/608332413531/14:44:50/SIDDHANT 32,990.00 to m Inayat al",Payment,32990.00,,32990.00,Bank Account,A,111445.59,
24-03-2026,"24/03/2026 24/03/2026 NEFT-BARBX26083696749-PINAKEAST 15,584.00 ENTERPRISES-PUNJAB 02/06/2026 15:23 Contact-Us@18005700 Page 1 of 19 *This is computer-generated statement.No signature is required.",Payment,15584.00,,15584.00,Bank Account,A,127029.59,
24-03-2026,24/03/2026 24/03/2026 Charges for PORD Customer Payment 5.60 :003532417476,Payment,5.60,,5.60,Bank Account,BANK CHARGES,127035.19,
24-03-2026,24/03/2026 24/03/2026 SMS Charges for FEB 26 1.42,Payment,1.42,,1.42,Bank Account,BANK CHARGES,127036.61,
19-03-2026,"19/03/2026 19/03/2026 NEFT-BARBZ26078764838-RSPL LTD- 20,000.00 HDFC BANK LTD. (HDF",Payment,20000.00,,20000.00,Bank Account,A,147036.61,
19-03-2026,19/03/2026 19/03/2026 Charges for PORD Customer Payment 5.60 :003521460940,Payment,5.60,,5.60,Bank Account,BANK CHARGES,147042.21,
19-03-2026,"19/03/2026 19/03/2026 NEFT-BARBZ26078751401-AADESH 27,869.00 ENTERPRISES-I.C.I.C.I",Payment,27869.00,,27869.00,Bank Account,A,174911.21,
19-03-2026,19/03/2026 19/03/2026 Charges for PORD Customer Payment 5.60 :003521448737,Payment,5.60,,5.60,Bank Account,BANK CHARGES,174916.81,
18-03-2026,"18/03/2026 18/03/2026 BY CASH 1,50,000.00",Contra,,150000.00,150000.00,Bank Account,Cash,24916.81,
16-03-2026,16/03/2026 16/03/2026 NEFT-IN22607539561794-RETAIL SCAN 231.01 MANAGEMENT SERVI,Receipt,,231.01,231.01,Bank Account,A,24685.80,
16-03-2026,"16/03/2026 16/03/2026 NEFT-BARBS26075234795-AADESH 22,803.00 ENTERPRISES-I.C.I.C.I",Payment,22803.00,,22803.00,Bank Account,A,47488.80,
16-03-2026,16/03/2026 16/03/2026 Charges for PORD Customer Payment 5.60 :003512709810,Payment,5.60,,5.60,Bank Account,BANK CHARGES,47494.40,
16-03-2026,"16/03/2026 16/03/2026 NEFT-BARBS26075226995-TANIYA 52,883.00 TRADING-CENTRAL BANK",Payment,52883.00,,52883.00,Bank Account,A,100377.40,
16-03-2026,16/03/2026 16/03/2026 Charges for PORD Customer Payment 5.60 :003512694266,Payment,5.60,,5.60,Bank Account,BANK CHARGES,100383.00,
16-03-2026,"16/03/2026 16/03/2026 NEFT-BARBS26075225945-ATHARV 15,673.00 AGENCY-HDFC BANK LTD.",Payment,15673.00,,15673.00,Bank Account,A,116056.00,
16-03-2026,16/03/2026 16/03/2026 Charges for PORD Customer Payment 5.60 :003512694162,Payment,5.60,,5.60,Bank Account,BANK CHARGES,116061.60,
14-03-2026,14/03/2026 14/03/2026 EBANK:1499139620/mintifi/114359701171/ CCAVENUES I 398.76,Payment,398.76,,398.76,Bank Account,A,116460.36,
13-03-2026,"13/03/2026 13/03/2026 EBANK:1499042125/mintifi/114357977076/ CCAVENUES I 2,02,392.08",Payment,202392.08,,202392.08,Bank Account,A,318852.44,
13-03-2026,"13/03/2026 13/03/2026 NEFT-HDFCH00864887785-DEEPSAGAR 56,567.00 PROVISION",Receipt,,56567.00,56567.00,Bank Account,A,262285.44,
12-03-2026,"12/03/2026 12/03/2026 BY CASH 2,40,000.00",Contra,,240000.00,240000.00,Bank Account,Cash,22285.44,
07-03-2026,"07/03/2026 07/03/2026 NEFT-BARBU26066384060-AADESH 29,479.00 ENTERPRISES-I.C.I.C.I",Payment,29479.00,,29479.00,Bank Account,A,51764.44,
07-03-2026,07/03/2026 07/03/2026 Charges for PORD Customer Payment 5.60 :003490375959,Payment,5.60,,5.60,Bank Account,BANK CHARGES,51770.04,
07-03-2026,"07/03/2026 07/03/2026 NEFT-BARBU26066197411-JYOTI SELS 40,000.00 KUKSHI-HDFC BANK",Payment,40000.00,,40000.00,Bank Account,A,91770.04,
07-03-2026,07/03/2026 07/03/2026 Charges for PORD Customer Payment 5.60 :003490170174,Payment,5.60,,5.60,Bank Account,BANK CHARGES,91775.64,
07-03-2026,"07/03/2026 07/03/2026 NEFT-BARBU26066197377-RIDIT 35,448.00 ENTERPRISES-HDFC BANK",Payment,35448.00,,35448.00,Bank Account,A,127223.64,
07-03-2026,07/03/2026 07/03/2026 Charges for PORD Customer Payment 5.60 :003490170132,Payment,5.60,,5.60,Bank Account,BANK CHARGES,127229.24,
07-03-2026,"07/03/2026 07/03/2026 NEFT-BARBU26066197227-RAHUL 35,574.00 AGENCIES-AXIS BANK LT",Payment,35574.00,,35574.00,Bank Account,Axis Bank Ltd,162803.24,
07-03-2026,07/03/2026 07/03/2026 Charges for PORD Customer Payment 5.60 :003490170073,Payment,5.60,,5.60,Bank Account,BANK CHARGES,162808.84,
07-03-2026,"07/03/2026 07/03/2026 NEFT-BARBU26066197168-KULDEEP 13,265.00 ENTERPRISES-UNION BA",Payment,13265.00,,13265.00,Bank Account,A,176073.84,
07-03-2026,07/03/2026 07/03/2026 Charges for PORD Customer Payment 5.60 :003490170000,Payment,5.60,,5.60,Bank Account,BANK CHARGES,176079.44,
07-03-2026,"07/03/2026 07/03/2026 NEFT-BARBU26066197025-AADESH 48,115.00 ENTERPRISES PVT LT-I.",Payment,48115.00,,48115.00,Bank Account,A,224194.44,
07-03-2026,07/03/2026 07/03/2026 Charges for PORD Customer Payment 5.60 :003490169550,Payment,5.60,,5.60,Bank Account,BANK CHARGES,224200.04,
07-03-2026,"07/03/2026 07/03/2026 MBK/606669443156/10:09:36/SIDDHANT 1,04,936.00 to anisha mark",Payment,104936.00,,104936.00,Bank Account,Sarkk & Associates,329136.04,
06-03-2026,"06/03/2026 06/03/2026 BY CASH 3,00,000.00",Contra,,300000.00,300000.00,Bank Account,Cash,29136.04,
28-02-2026,"28/02/2026 28/02/2026 NEFT-BARBP26059472863-AGROWTH 42,790.00 MARKETING-HDFC BANK",Payment,42790.00,,42790.00,Bank Account,A,71926.04,
28-02-2026,28/02/2026 28/02/2026 Charges for PORD Customer Payment 5.60 :003473434632,Payment,5.60,,5.60,Bank Account,BANK CHARGES,71931.64,
27-02-2026,"27/02/2026 27/02/2026 MBK/605896122065/20:37:09/SIDDHANT 4,743.00 to m Inayat al",Payment,4743.00,,4743.00,Bank Account,A,76674.64,
27-02-2026,"27/02/2026 27/02/2026 NEFT-BARBY26058290535-JYOTI SELS 50,000.00 KUKSHI-HDFC BANK",Payment,50000.00,,50000.00,Bank Account,A,126674.64,
27-02-2026,27/02/2026 27/02/2026 Charges for PORD Customer Payment 5.60 :003471022083 02/06/2026 15:23 Contact-Us@18005700 Page 2 of 19 *This is computer-generated statement.No signature is required.,Payment,5.60,,5.60,Bank Account,BANK CHARGES,126680.24,
27-02-2026,"27/02/2026 27/02/2026 NEFT-BARBY26058280109-RIDIT 40,000.00 ENTERPRISES-HDFC BANK",Payment,40000.00,,40000.00,Bank Account,A,166680.24,
27-02-2026,27/02/2026 27/02/2026 Charges for PORD Customer Payment 5.60 :003470992662,Payment,5.60,,5.60,Bank Account,BANK CHARGES,166685.84,
27-02-2026,"27/02/2026 27/02/2026 NEFT-BARBY26058268089-AADESH 33,233.00 ENTERPRISES-I.C.I.C.I",Payment,33233.00,,33233.00,Bank Account,A,199918.84,
27-02-2026,27/02/2026 27/02/2026 Charges for PORD Customer Payment 5.60 :003470992525,Payment,5.60,,5.60,Bank Account,BANK CHARGES,199924.44,
27-02-2026,"27/02/2026 27/02/2026 NEFT-BARBY26058256846-MANISH 31,500.00 KOTHARI-STATE BANK OF",Payment,31500.00,,31500.00,Bank Account,Manish Kothari,231424.44,
27-02-2026,27/02/2026 27/02/2026 Charges for PORD Customer Payment 5.60 :003470976142,Payment,5.60,,5.60,Bank Account,BANK CHARGES,231430.04,
27-02-2026,"27/02/2026 27/02/2026 MBK/605894790115/18:33:15/SIDDHANT 30,000.00 to kamal kumaw",Payment,30000.00,,30000.00,Bank Account,A,261430.04,
27-02-2026,"27/02/2026 27/02/2026 BY CASH 2,50,000.00",Contra,,250000.00,250000.00,Bank Account,Cash,11430.04,
24-02-2026,24/02/2026 24/02/2026 NEFT-IN22605518573780-RETAIL SCAN 353.96 MANAGEMENT SERVI,Receipt,,353.96,353.96,Bank Account,A,11076.08,
22-02-2026,"22/02/2026 22/02/2026 NEFT-BARBX26053954605-BHAVESH 31,164.00 TRADERS-PUNJAB NATIO",Payment,31164.00,,31164.00,Bank Account,A,42240.08,
22-02-2026,22/02/2026 22/02/2026 Charges for PORD Customer Payment 5.60 :003458484657,Payment,5.60,,5.60,Bank Account,BANK CHARGES,42245.68,
22-02-2026,"22/02/2026 22/02/2026 MBK/605346093502/15:07:27/ok 30,000.00",Receipt,,30000.00,30000.00,Bank Account,A,12245.68,
21-02-2026,21/02/2026 21/02/2026 SMS Charges for JAN 26 0.94,Payment,0.94,,0.94,Bank Account,BANK CHARGES,12246.62,
20-02-2026,"20/02/2026 20/02/2026 EBANK:1495893294/mintifi/114315809288/ CCAVENUES I 1,00,000.00",Payment,100000.00,,100000.00,Bank Account,A,112246.62,
20-02-2026,"20/02/2026 20/02/2026 MBK/605130673475/17:13:35/rtb 84,210.00",Receipt,,84210.00,84210.00,Bank Account,A,28036.62,
20-02-2026,"20/02/2026 20/02/2026 NEFT-BARBU26051276910-THE 20,265.00 DISTRIBUTION CHANNEL-HDF",Payment,20265.00,,20265.00,Bank Account,A,48301.62,
20-02-2026,20/02/2026 20/02/2026 Charges for PORD Customer Payment 5.60 :003454251574,Payment,5.60,,5.60,Bank Account,BANK CHARGES,48307.22,
20-02-2026,"20/02/2026 20/02/2026 NEFT-BARBU26051276083-AADESH 26,192.00 ENTERPRISES-I.C.I.C.I",Payment,26192.00,,26192.00,Bank Account,A,74499.22,
20-02-2026,20/02/2026 20/02/2026 Charges for PORD Customer Payment 5.60 :003454250229,Payment,5.60,,5.60,Bank Account,BANK CHARGES,74504.82,
20-02-2026,"20/02/2026 20/02/2026 NEFT-BARBU26051275297-PINAKEAST 4,182.00 ENTERPRISES-PUNJAB",Payment,4182.00,,4182.00,Bank Account,A,78686.82,
20-02-2026,20/02/2026 20/02/2026 Charges for PORD Customer Payment 2.65 :003454248729,Payment,2.65,,2.65,Bank Account,BANK CHARGES,78689.47,
18-02-2026,"18/02/2026 18/02/2026 NEFT-BARBQ26049265823-PANKAJ 28,446.00 SALES-STATE BANK OF I",Payment,28446.00,,28446.00,Bank Account,Kirana Sales 1%,107135.47,
18-02-2026,18/02/2026 18/02/2026 Charges for PORD Customer Payment 5.60 :003449856805,Payment,5.60,,5.60,Bank Account,BANK CHARGES,107141.07,
18-02-2026,"18/02/2026 18/02/2026 NEFT-BARBP26049937469-AADESH 20,320.00 ENTERPRISES-I.C.I.C.I",Payment,20320.00,,20320.00,Bank Account,A,127461.07,
18-02-2026,18/02/2026 18/02/2026 Charges for PORD Customer Payment 5.60 :003449491487,Payment,5.60,,5.60,Bank Account,BANK CHARGES,127466.67,
18-02-2026,"18/02/2026 18/02/2026 NEFT-BARBP26049937054-ATHARV 23,695.00 AGENCY-HDFC BANK LTD.",Payment,23695.00,,23695.00,Bank Account,A,151161.67,
18-02-2026,18/02/2026 18/02/2026 Charges for PORD Customer Payment 5.60 :003449491353,Payment,5.60,,5.60,Bank Account,BANK CHARGES,151167.27,
18-02-2026,"18/02/2026 18/02/2026 NEFT-BARBP26049936287-TANIYA 65,326.00 TRADING-CENTRAL BANK",Payment,65326.00,,65326.00,Bank Account,A,216493.27,
18-02-2026,18/02/2026 18/02/2026 Charges for PORD Customer Payment 5.60 :003449481818,Payment,5.60,,5.60,Bank Account,BANK CHARGES,216498.87,
17-02-2026,"17/02/2026 17/02/2026 BY CASH 2,00,000.00",Contra,,200000.00,200000.00,Bank Account,Cash,16498.87,
11-02-2026,"11/02/2026 11/02/2026 NEFT-BARBZ26042002947-AADESH 64,222.00 ENTERPRISES PVT LT-I.",Payment,64222.00,,64222.00,Bank Account,A,80720.87,
11-02-2026,11/02/2026 11/02/2026 Charges for PORD Customer Payment 5.60 :003433347457,Payment,5.60,,5.60,Bank Account,BANK CHARGES,80726.47,
11-02-2026,"11/02/2026 11/02/2026 BY CASH 60,000.00",Contra,,60000.00,60000.00,Bank Account,Cash,20726.47,
11-02-2026,"11/02/2026 11/02/2026 NEFT-BARBY26042309022-RIDDHI 11,384.00 MARKETING-HDFC BANK L",Payment,11384.00,,11384.00,Bank Account,A,32110.47,
11-02-2026,11/02/2026 11/02/2026 Charges for PORD Customer Payment 5.60 :003432634669,Payment,5.60,,5.60,Bank Account,BANK CHARGES,32116.07,
10-02-2026,"10/02/2026 10/02/2026 EBANK:1494345071/mintifi/114291971585/ CCAVENUES I 3,00,000.00",Payment,300000.00,,300000.00,Bank Account,A,332116.07,
10-02-2026,"10/02/2026 10/02/2026 MBK/604139404376/20:40:36/SIDDHANT 28,129.00 to m Inayat al",Payment,28129.00,,28129.00,Bank Account,A,360245.07,
10-02-2026,"10/02/2026 10/02/2026 NEFT-BARBV26041887974-SHREE 30,103.00 KANTAJEET SONS-AXIS 02/06/2026 15:23 Contact-Us@18005700 Page 3 of 19 *This is computer-generated statement.No signature is required.",Payment,30103.00,,30103.00,Bank Account,Axis Bank Ltd,390348.07,
10-02-2026,10/02/2026 10/02/2026 Charges for PORD Customer Payment 5.60 :003430032093,Payment,5.60,,5.60,Bank Account,BANK CHARGES,390353.67,
10-02-2026,"10/02/2026 10/02/2026 NEFT-BARBV26041852425-AADESH 19,959.00 ENTERPRISES-I.C.I.C.I",Payment,19959.00,,19959.00,Bank Account,A,410312.67,
10-02-2026,10/02/2026 10/02/2026 Charges for PORD Customer Payment 5.60 :003429995473,Payment,5.60,,5.60,Bank Account,BANK CHARGES,410318.27,
10-02-2026,"10/02/2026 10/02/2026 MBK/604136232972/16:51:28/SIDDHANT 66,563.00 to anisha mark",Payment,66563.00,,66563.00,Bank Account,Sarkk & Associates,476881.27,
10-02-2026,"10/02/2026 10/02/2026 BY CASH 1,00,000.00",Contra,,100000.00,100000.00,Bank Account,Cash,376881.27,
09-02-2026,"09/02/2026 09/02/2026 BY CASH 3,50,000.00",Contra,,350000.00,350000.00,Bank Account,Cash,26881.27,
05-02-2026,"05/02/2026 05/02/2026 MBK/603682834419/14:45:09/SIDDHANT 15,003.00 to m inayatali",Payment,15003.00,,15003.00,Bank Account,A,41884.27,
04-02-2026,"04/02/2026 04/02/2026 EBANK:1493390138/mintifi/114277116267/ CCAVENUES I 3,10,000.00",Payment,310000.00,,310000.00,Bank Account,A,351884.27,
04-02-2026,"04/02/2026 04/02/2026 NEFT-AXOMB03502111853-VIJAY 1,50,000.00 ARORA",Receipt,,150000.00,150000.00,Bank Account,A,201884.27,
04-02-2026,"04/02/2026 04/02/2026 NEFT-BARBS26035669139-AADESH 11,485.00 ENTERPRISES-I.C.I.C.I",Payment,11485.00,,11485.00,Bank Account,A,213369.27,
04-02-2026,04/02/2026 04/02/2026 Charges for PORD Customer Payment 5.60 :003414089606,Payment,5.60,,5.60,Bank Account,BANK CHARGES,213374.87,
03-02-2026,"03/02/2026 03/02/2026 BY CASH 2,00,000.00",Contra,,200000.00,200000.00,Bank Account,Cash,13374.87,
28-01-2026,"28/01/2026 28/01/2026 NEFT-BARBZ26028251447-TANIYA 75,813.00 TRADING-CENTRAL BANK",Payment,75813.00,,75813.00,Bank Account,A,89187.87,
28-01-2026,28/01/2026 28/01/2026 Charges for PORD Customer Payment 5.60 :003396345451,Payment,5.60,,5.60,Bank Account,BANK CHARGES,89193.47,
28-01-2026,"28/01/2026 28/01/2026 NEFT-BARBZ26028247551-AADESH 52,974.00 ENTERPRISES PVT LT-I.",Payment,52974.00,,52974.00,Bank Account,A,142167.47,
28-01-2026,28/01/2026 28/01/2026 Charges for PORD Customer Payment 5.60 :003396339297,Payment,5.60,,5.60,Bank Account,BANK CHARGES,142173.07,
28-01-2026,"28/01/2026 28/01/2026 NEFT-BARBZ26028245959-RSPL LTD- 60,000.00 HDFC BANK LTD. (HDF",Payment,60000.00,,60000.00,Bank Account,A,202173.07,
28-01-2026,28/01/2026 28/01/2026 Charges for PORD Customer Payment 5.60 :003396336333,Payment,5.60,,5.60,Bank Account,BANK CHARGES,202178.67,
28-01-2026,"28/01/2026 28/01/2026 NEFT-BARBZ26028245565-RSPL LTD- 2,00,000.00 HDFC BANK LTD. (HDF",Payment,200000.00,,200000.00,Bank Account,A,402178.67,
28-01-2026,28/01/2026 28/01/2026 Charges for PORD Customer Payment 17.40 :003396336647,Payment,17.40,,17.40,Bank Account,BANK CHARGES,402196.07,
28-01-2026,"28/01/2026 28/01/2026 BY CASH 3,60,000.00",Contra,,360000.00,360000.00,Bank Account,Cash,42196.07,
24-01-2026,"24/01/2026 24/01/2026 NEFT-BARBS26024393368-JYOTI SELS 52,500.00 KUKSHI-HDFC BANK",Payment,52500.00,,52500.00,Bank Account,A,94696.07,
24-01-2026,24/01/2026 24/01/2026 Charges for PORD Customer Payment 5.60 :003388462750,Payment,5.60,,5.60,Bank Account,BANK CHARGES,94701.67,
24-01-2026,"24/01/2026 24/01/2026 NEFT-BARBS26024304833-AADESH 28,740.00 ENTERPRISES-I.C.I.C.I",Payment,28740.00,,28740.00,Bank Account,A,123441.67,
24-01-2026,24/01/2026 24/01/2026 Charges for PORD Customer Payment 5.60 :003388370922,Payment,5.60,,5.60,Bank Account,BANK CHARGES,123447.27,
24-01-2026,"24/01/2026 24/01/2026 NEFT-BARBS26024305074-PINAKEAST 10,284.00 ENTERPRISES-PUNJAB",Payment,10284.00,,10284.00,Bank Account,A,133731.27,
24-01-2026,24/01/2026 24/01/2026 Charges for PORD Customer Payment 5.60 :003388370842,Payment,5.60,,5.60,Bank Account,BANK CHARGES,133736.87,
24-01-2026,"24/01/2026 24/01/2026 NEFT-BARBS26024304886-AADESH 26,377.00 ENTERPRISES-I.C.I.C.I",Payment,26377.00,,26377.00,Bank Account,A,160113.87,
24-01-2026,24/01/2026 24/01/2026 Charges for PORD Customer Payment 5.60 :003388370738,Payment,5.60,,5.60,Bank Account,BANK CHARGES,160119.47,
23-01-2026,"23/01/2026 23/01/2026 BY CASH 1,50,000.00",Contra,,150000.00,150000.00,Bank Account,Cash,10119.47,
21-01-2026,"21/01/2026 21/01/2026 NEFT-BARBV26021889681-THE 10,000.00 DISTRIBUTION CHANNEL-HDF",Payment,10000.00,,10000.00,Bank Account,A,20119.47,
21-01-2026,21/01/2026 21/01/2026 Charges for PORD Customer Payment 2.65 :003380319208,Payment,2.65,,2.65,Bank Account,BANK CHARGES,20122.12,
21-01-2026,"21/01/2026 21/01/2026 NEFT-BARBV26021885247-RIDIT 41,606.00 ENTERPRISES-HDFC BANK",Payment,41606.00,,41606.00,Bank Account,A,61728.12,
21-01-2026,21/01/2026 21/01/2026 Charges for PORD Customer Payment 5.60 :003380324515,Payment,5.60,,5.60,Bank Account,BANK CHARGES,61733.72,
19-01-2026,"19/01/2026 19/01/2026 NEFT-SBIN526019513731-SAWARIYA 25,312.00 KIRANA AND PROVISIO",Receipt,,25312.00,25312.00,Bank Account,A,36421.72,
17-01-2026,"17/01/2026 17/01/2026 NEFT-BARBP26017054324-PANKAJ 10,169.00 SALES-STATE BANK OF I",Payment,10169.00,,10169.00,Bank Account,Kirana Sales 1%,46590.72,
17-01-2026,17/01/2026 17/01/2026 Charges for PORD Customer Payment 5.60 :003371995606,Payment,5.60,,5.60,Bank Account,BANK CHARGES,46596.32,
17-01-2026,17/01/2026 17/01/2026 SMS Charges for DEC 25 1.18 02/06/2026 15:23 Contact-Us@18005700 Page 4 of 19 *This is computer-generated statement.No signature is required.,Payment,1.18,,1.18,Bank Account,BANK CHARGES,46597.50,
16-01-2026,"16/01/2026 16/01/2026 NEFT-BARBY26016111353-RAHUL 30,000.00 AGENCIES-AXIS BANK LT",Payment,30000.00,,30000.00,Bank Account,Axis Bank Ltd,76597.50,
16-01-2026,16/01/2026 16/01/2026 Charges for PORD Customer Payment 5.60 :003369826822,Payment,5.60,,5.60,Bank Account,BANK CHARGES,76603.10,
16-01-2026,"16/01/2026 16/01/2026 NEFT-BARBY26016102458-AADESH 6,750.00 ENTERPRISES-I.C.I.C.I",Payment,6750.00,,6750.00,Bank Account,A,83353.10,
16-01-2026,16/01/2026 16/01/2026 Charges for PORD Customer Payment 2.65 :003369817686,Payment,2.65,,2.65,Bank Account,BANK CHARGES,83355.75,
16-01-2026,"16/01/2026 16/01/2026 NEFT-BARBY26016094103-THE 28,228.00 DISTRIBUTION CHANNEL-HDF",Payment,28228.00,,28228.00,Bank Account,A,111583.75,
16-01-2026,16/01/2026 16/01/2026 Charges for PORD Customer Payment 5.60 :003369812351,Payment,5.60,,5.60,Bank Account,BANK CHARGES,111589.35,
15-01-2026,"15/01/2026 15/01/2026 BY CASH 1,00,000.00",Contra,,100000.00,100000.00,Bank Account,Cash,11589.35,
14-01-2026,"14/01/2026 14/01/2026 NEFT-BARBU26014330516-AADESH 27,554.00 ENTERPRISES-I.C.I.C.I",Payment,27554.00,,27554.00,Bank Account,A,39143.35,
14-01-2026,14/01/2026 14/01/2026 Charges for PORD Customer Payment 5.60 :003365565932,Payment,5.60,,5.60,Bank Account,BANK CHARGES,39148.95,
14-01-2026,"14/01/2026 14/01/2026 NEFT-BARBU26014329889-RSPL LTD- 35,000.00 HDFC BANK LTD. (HDF",Payment,35000.00,,35000.00,Bank Account,A,74148.95,
14-01-2026,14/01/2026 14/01/2026 Charges for PORD Customer Payment 5.60 :003365564045,Payment,5.60,,5.60,Bank Account,BANK CHARGES,74154.55,
14-01-2026,"14/01/2026 14/01/2026 NEFT-BARBU26014329714-RSPL LTD- 2,00,000.00 HDFC BANK LTD. (HDF",Payment,200000.00,,200000.00,Bank Account,A,274154.55,
14-01-2026,14/01/2026 14/01/2026 Charges for PORD Customer Payment 17.40 :003365563902,Payment,17.40,,17.40,Bank Account,BANK CHARGES,274171.95,
13-01-2026,"13/01/2026 13/01/2026 BY CASH 2,00,000.00",Contra,,200000.00,200000.00,Bank Account,Cash,74171.95,
11-01-2026,11/01/2026 11/01/2026 SMS Charges for NOV 25 1.18,Payment,1.18,,1.18,Bank Account,BANK CHARGES,74173.13,
05-01-2026,"05/01/2026 05/01/2026 MBK/600569573458/10:03:31/siddhant to 63,849.00 anisha mark",Payment,63849.00,,63849.00,Bank Account,Sarkk & Associates,138022.13,
04-01-2026,"04/01/2026 04/01/2026 EBANK:1488732413/mintifi/114204019612/ CCAVENUES I 4,100.97",Payment,4100.97,,4100.97,Bank Account,A,142123.10,
31-12-2025,"31/12/2025 31/12/2025 NEFT-BARBX25365230707-PINAKEAST 26,317.00 ENTERPRISES-PUNJAB",Payment,26317.00,,26317.00,Bank Account,A,168440.10,
31-12-2025,31/12/2025 31/12/2025 Charges for PORD Customer Payment 5.60 :003330834245,Payment,5.60,,5.60,Bank Account,BANK CHARGES,168445.70,
31-12-2025,"31/12/2025 31/12/2025 BY CASH 1,50,000.00",Contra,,150000.00,150000.00,Bank Account,Cash,18445.70,
27-12-2025,"27/12/2025 27/12/2025 NEFT-BARBP25361863321-MAHARAJA 7,692.00 INDIA VINTRADE PVT",Payment,7692.00,,7692.00,Bank Account,A,26137.70,
27-12-2025,27/12/2025 27/12/2025 Charges for PORD Customer Payment 2.65 :003321414693,Payment,2.65,,2.65,Bank Account,BANK CHARGES,26140.35,
27-12-2025,"27/12/2025 27/12/2025 MBK/536172419362/14:04:44/siddhant to 20,000.00 kamal kumaw",Payment,20000.00,,20000.00,Bank Account,A,46140.35,
25-12-2025,"25/12/2025 25/12/2025 NEFT-BARBX25359253039-AADESH 39,918.00 ENTERPRISES PVT LT-I.",Payment,39918.00,,39918.00,Bank Account,A,86058.35,
25-12-2025,25/12/2025 25/12/2025 Charges for PORD Customer Payment 5.60 :003317385023,Payment,5.60,,5.60,Bank Account,BANK CHARGES,86063.95,
25-12-2025,"25/12/2025 25/12/2025 NEFT-BARBX25359252960-TANIYA 57,837.00 TRADING-CENTRAL BANK",Payment,57837.00,,57837.00,Bank Account,A,143900.95,
25-12-2025,25/12/2025 25/12/2025 Charges for PORD Customer Payment 5.60 :003317369923,Payment,5.60,,5.60,Bank Account,BANK CHARGES,143906.55,
24-12-2025,"24/12/2025 24/12/2025 EBANK:1487346887/mintifi/114180129015/ CCAVENUES I 1,04,309.40",Payment,104309.40,,104309.40,Bank Account,A,248215.95,
24-12-2025,"24/12/2025 24/12/2025 BY CASH 2,00,000.00",Contra,,200000.00,200000.00,Bank Account,Cash,48215.95,
22-12-2025,"22/12/2025 22/12/2025 NEFT-BARBQ25356708413-SHREE 36,086.00 KANTAJEET SONS-AXIS",Payment,36086.00,,36086.00,Bank Account,Axis Bank Ltd,84301.95,
22-12-2025,22/12/2025 22/12/2025 Charges for PORD Customer Payment 5.60 :003310177333,Payment,5.60,,5.60,Bank Account,BANK CHARGES,84307.55,
20-12-2025,"20/12/2025 20/12/2025 NEFT-HDFCH00685746812-DEEPSAGAR 55,265.00 PROVISION",Receipt,,55265.00,55265.00,Bank Account,A,29042.55,
20-12-2025,"20/12/2025 20/12/2025 EBANK:1486687827/mintifi/114168999562/ CCAVENUES I 1,00,000.00",Payment,100000.00,,100000.00,Bank Account,A,129042.55,
20-12-2025,"20/12/2025 20/12/2025 NEFT-BARBY25354466231-JYOTI SELS 32,477.00 KUKSHI-HDFC BANK",Payment,32477.00,,32477.00,Bank Account,A,161519.55,
20-12-2025,20/12/2025 20/12/2025 Charges for PORD Customer Payment 5.60 :003306198025,Payment,5.60,,5.60,Bank Account,BANK CHARGES,161525.15,
20-12-2025,"20/12/2025 20/12/2025 MBK/535404804830/10:02:35/siddhant to 14,698.00 m Inayat al",Payment,14698.00,,14698.00,Bank Account,A,176223.15,
20-12-2025,"20/12/2025 20/12/2025 NEFT-BARBY25354464233-AADESH 19,378.00 ENTERPRISES PVT LT-I. 02/06/2026 15:23 Contact-Us@18005700 Page 5 of 19 *This is computer-generated statement.No signature is required.",Payment,19378.00,,19378.00,Bank Account,A,195601.15,
20-12-2025,20/12/2025 20/12/2025 Charges for PORD Customer Payment 5.60 :003306197134,Payment,5.60,,5.60,Bank Account,BANK CHARGES,195606.75,
20-12-2025,"20/12/2025 20/12/2025 NEFT-BARBY25354464092-ATHARV 24,621.00 AGENCY-HDFC BANK LTD.",Payment,24621.00,,24621.00,Bank Account,A,220227.75,
20-12-2025,20/12/2025 20/12/2025 Charges for PORD Customer Payment 5.60 :003306197654,Payment,5.60,,5.60,Bank Account,BANK CHARGES,220233.35,
19-12-2025,"19/12/2025 19/12/2025 BY CASH 2,00,000.00",Contra,,200000.00,200000.00,Bank Account,Cash,20233.35,
17-12-2025,"17/12/2025 17/12/2025 EBANK:1486252241/mintifi/114162409968/ CCAVENUES I 2,00,000.00",Payment,200000.00,,200000.00,Bank Account,A,220233.35,
15-12-2025,"15/12/2025 15/12/2025 NEFT-SBIN325349064369-SAWARIYA 12,319.00 KIRANA AND PROVISIO",Receipt,,12319.00,12319.00,Bank Account,A,207914.35,
15-12-2025,15/12/2025 15/12/2025 NEFT-IN22534900317834-RETAIL SCAN 168.78 MANAGEMENT SERVI,Receipt,,168.78,168.78,Bank Account,A,207745.57,
13-12-2025,"13/12/2025 13/12/2025 NEFT-BARBT25347466660-KULDEEP 17,822.00 ENTERPRISES-UNION BA",Payment,17822.00,,17822.00,Bank Account,A,225567.57,
13-12-2025,13/12/2025 13/12/2025 Charges for PORD Customer Payment 5.60 :003288889894,Payment,5.60,,5.60,Bank Account,BANK CHARGES,225573.17,
13-12-2025,"13/12/2025 13/12/2025 NEFT-BARBT25347466230-THE 31,165.00 DISTRIBUTION CHANNEL-HDF",Payment,31165.00,,31165.00,Bank Account,A,256738.17,
13-12-2025,13/12/2025 13/12/2025 Charges for PORD Customer Payment 5.60 :003288889315,Payment,5.60,,5.60,Bank Account,BANK CHARGES,256743.77,
13-12-2025,"13/12/2025 13/12/2025 NEFT-BARBT25347466201-TANIYA 23,125.00 TRADING-CENTRAL BANK",Payment,23125.00,,23125.00,Bank Account,A,279868.77,
13-12-2025,13/12/2025 13/12/2025 Charges for PORD Customer Payment 5.60 :003288889284,Payment,5.60,,5.60,Bank Account,BANK CHARGES,279874.37,
12-12-2025,"12/12/2025 12/12/2025 NEFT-BARBR25346680658-AADESH 43,878.00 ENTERPRISES PVT LT-I.",Payment,43878.00,,43878.00,Bank Account,A,323752.37,
12-12-2025,12/12/2025 12/12/2025 Charges for PORD Customer Payment 5.60 :003287087856,Payment,5.60,,5.60,Bank Account,BANK CHARGES,323757.97,
12-12-2025,"12/12/2025 12/12/2025 BY CASH 3,00,000.00",Contra,,300000.00,300000.00,Bank Account,Cash,23757.97,
09-12-2025,"09/12/2025 09/12/2025 NEFT-BARBW25343211302-TANIYA 20,000.00 TRADING-CENTRAL BANK",Payment,20000.00,,20000.00,Bank Account,A,43757.97,
09-12-2025,09/12/2025 09/12/2025 Charges for PORD Customer Payment 5.60 :003279641355,Payment,5.60,,5.60,Bank Account,BANK CHARGES,43763.57,
09-12-2025,"09/12/2025 09/12/2025 NEFT-BARBW25343195480-THE 30,000.00 DISTRIBUTION CHANNEL-HDF",Payment,30000.00,,30000.00,Bank Account,A,73763.57,
09-12-2025,09/12/2025 09/12/2025 Charges for PORD Customer Payment 5.60 :003279631227,Payment,5.60,,5.60,Bank Account,BANK CHARGES,73769.17,
09-12-2025,"09/12/2025 09/12/2025 NEFT-BARBW25343186046-AADESH 50,000.00 ENTERPRISES PVT LT-I.",Payment,50000.00,,50000.00,Bank Account,A,123769.17,
09-12-2025,09/12/2025 09/12/2025 Charges for PORD Customer Payment 5.60 :003279617175,Payment,5.60,,5.60,Bank Account,BANK CHARGES,123774.77,
09-12-2025,"09/12/2025 09/12/2025 NEFT-BARBW25343184951-AADESH 29,363.00 ENTERPRISES-I.C.I.C.I",Payment,29363.00,,29363.00,Bank Account,A,153137.77,
09-12-2025,09/12/2025 09/12/2025 Charges for PORD Customer Payment 5.60 :003279614874,Payment,5.60,,5.60,Bank Account,BANK CHARGES,153143.37,
09-12-2025,"09/12/2025 09/12/2025 NEFT-BARBW25343129936-AADESH 10,679.00 ENTERPRISES-I.C.I.C.I",Payment,10679.00,,10679.00,Bank Account,A,163822.37,
09-12-2025,09/12/2025 09/12/2025 Charges for PORD Customer Payment 5.60 :003279559307,Payment,5.60,,5.60,Bank Account,BANK CHARGES,163827.97,
06-12-2025,"06/12/2025 06/12/2025 BY CASH 1,50,000.00",Contra,,150000.00,150000.00,Bank Account,Cash,13827.97,
05-12-2025,"05/12/2025 05/12/2025 ACHDR/MINTIFI FINSERVE 3,602.81 PRI/3607252229/111143481865",Payment,3602.81,,3602.81,Bank Account,A,17430.78,
05-12-2025,05/12/2025 05/12/2025 Chg Cash handling for:07-11-2025 12.00,Payment,12.00,,12.00,Bank Account,BANK CHARGES,17442.78,
03-12-2025,"03/12/2025 03/12/2025 MBK/533728298986/19:19:41/siddhant to 32,340.00 anisha mark",Payment,32340.00,,32340.00,Bank Account,Sarkk & Associates,49782.78,
03-12-2025,"03/12/2025 03/12/2025 MBK/533727932209/18:50:00/Miscellaneou 20,000.00 s",Receipt,,20000.00,20000.00,Bank Account,A,29782.78,
03-12-2025,03/12/2025 03/12/2025 SMS Charges for OCT 25 1.18,Payment,1.18,,1.18,Bank Account,BANK CHARGES,29783.96,
28-11-2025,"28/11/2025 28/11/2025 NEFT-BARBT25332955880-RSPL LTD- 2,00,000.00 HDFC BANK LTD. (HDF",Payment,200000.00,,200000.00,Bank Account,A,229783.96,
28-11-2025,28/11/2025 28/11/2025 Charges for PORD Customer Payment 17.40 :003252773624,Payment,17.40,,17.40,Bank Account,BANK CHARGES,229801.36,
28-11-2025,"28/11/2025 28/11/2025 BY CASH 2,00,000.00",Contra,,200000.00,200000.00,Bank Account,Cash,29801.36,
26-11-2025,"26/11/2025 26/11/2025 NEFT-BARBZ25330923886-SANJAY 9,503.00 TRADERS-BANK OF INDIA",Payment,9503.00,,9503.00,Bank Account,Sanjay Traders Ranapur,39304.36,
26-11-2025,26/11/2025 26/11/2025 Charges for PORD Customer Payment 2.65 :003247173063,Payment,2.65,,2.65,Bank Account,BANK CHARGES,39307.01,
25-11-2025,"25/11/2025 25/11/2025 NEFT-BARBY25329216389-RAHUL 15,472.00 AGENCIES-AXIS BANK LT 02/06/2026 15:23 Contact-Us@18005700 Page 6 of 19 *This is computer-generated statement.No signature is required.",Payment,15472.00,,15472.00,Bank Account,Axis Bank Ltd,54779.01,
25-11-2025,25/11/2025 25/11/2025 Charges for PORD Customer Payment 5.60 :003245225741,Payment,5.60,,5.60,Bank Account,BANK CHARGES,54784.61,
25-11-2025,"25/11/2025 25/11/2025 NEFT-BARBY25329203675-THE 69,061.00 DISTRIBUTION CHANNEL-HDF",Payment,69061.00,,69061.00,Bank Account,A,123845.61,
25-11-2025,25/11/2025 25/11/2025 Charges for PORD Customer Payment 5.60 :003245225643,Payment,5.60,,5.60,Bank Account,BANK CHARGES,123851.21,
25-11-2025,"25/11/2025 25/11/2025 NEFT-HDFCH00631023975-DEEPSAGAR 43,685.00 PROVISION",Receipt,,43685.00,43685.00,Bank Account,A,80166.21,
25-11-2025,"25/11/2025 25/11/2025 NEFT-BARBY25329202253-PINAKEAST 4,541.00 ENTERPRISES-PUNJAB",Payment,4541.00,,4541.00,Bank Account,A,84707.21,
25-11-2025,25/11/2025 25/11/2025 Charges for PORD Customer Payment 2.65 :003245214443,Payment,2.65,,2.65,Bank Account,BANK CHARGES,84709.86,
25-11-2025,"25/11/2025 25/11/2025 NEFT-BARBY25329195211-AADESH 28,569.00 ENTERPRISES PVT LT-I.",Payment,28569.00,,28569.00,Bank Account,A,113278.86,
25-11-2025,25/11/2025 25/11/2025 Charges for PORD Customer Payment 5.60 :003245214052,Payment,5.60,,5.60,Bank Account,BANK CHARGES,113284.46,
21-11-2025,"21/11/2025 21/11/2025 MBK/532504991939/15:45:06/siddhant to 14,836.00 m Inayat al",Payment,14836.00,,14836.00,Bank Account,A,128120.46,
21-11-2025,"21/11/2025 21/11/2025 NEFT-BARBR25325596305-PANKAJ 21,474.00 SALES-STATE BANK OF I",Payment,21474.00,,21474.00,Bank Account,Kirana Sales 1%,149594.46,
21-11-2025,21/11/2025 21/11/2025 Charges for PORD Customer Payment 5.60 :003237673776,Payment,5.60,,5.60,Bank Account,BANK CHARGES,149600.06,
21-11-2025,"21/11/2025 21/11/2025 NEFT-BARBR25325595537-PINAKEAST 25,783.00 ENTERPRISES-PUNJAB",Payment,25783.00,,25783.00,Bank Account,A,175383.06,
21-11-2025,21/11/2025 21/11/2025 Charges for PORD Customer Payment 5.60 :003237673693,Payment,5.60,,5.60,Bank Account,BANK CHARGES,175388.66,
20-11-2025,"20/11/2025 20/11/2025 BY CASH 1,50,000.00",Contra,,150000.00,150000.00,Bank Account,Cash,25388.66,
13-11-2025,"13/11/2025 13/11/2025 NEFT-BARBV25317852266-AADESH 10,765.00 ENTERPRISES PVT LT-I.",Payment,10765.00,,10765.00,Bank Account,A,36153.66,
13-11-2025,13/11/2025 13/11/2025 Charges for PORD Customer Payment 5.60 :003218436422,Payment,5.60,,5.60,Bank Account,BANK CHARGES,36159.26,
13-11-2025,"13/11/2025 13/11/2025 NEFT-BARBV25317851818-AADESH 8,309.00 ENTERPRISES-I.C.I.C.I",Payment,8309.00,,8309.00,Bank Account,A,44468.26,
13-11-2025,13/11/2025 13/11/2025 Charges for PORD Customer Payment 2.65 :003218436020,Payment,2.65,,2.65,Bank Account,BANK CHARGES,44470.91,
13-11-2025,"13/11/2025 13/11/2025 NEFT-BARBV25317808518-TANIYA 19,846.00 TRADING-CENTRAL BANK",Payment,19846.00,,19846.00,Bank Account,A,64316.91,
13-11-2025,13/11/2025 13/11/2025 Charges for PORD Customer Payment 5.60 :003218390728,Payment,5.60,,5.60,Bank Account,BANK CHARGES,64322.51,
13-11-2025,"13/11/2025 13/11/2025 NEFT-BARBV25317808135-PANAMA 18,757.00 PHARMA-HDFC BANK LTD.",Payment,18757.00,,18757.00,Bank Account,A,83079.51,
13-11-2025,13/11/2025 13/11/2025 Charges for PORD Customer Payment 5.60 :003218390126,Payment,5.60,,5.60,Bank Account,BANK CHARGES,83085.11,
13-11-2025,"13/11/2025 13/11/2025 NEFT-BARBV25317807650-ISHAAN 18,559.00 MARKETING-HDFC BANK L",Payment,18559.00,,18559.00,Bank Account,A,101644.11,
13-11-2025,13/11/2025 13/11/2025 Charges for PORD Customer Payment 5.60 :003218389335,Payment,5.60,,5.60,Bank Account,BANK CHARGES,101649.71,
13-11-2025,"13/11/2025 13/11/2025 NEFT-BARBV25317699619-AADESH 26,365.00 ENTERPRISES-I.C.I.C.I",Payment,26365.00,,26365.00,Bank Account,A,128014.71,
13-11-2025,13/11/2025 13/11/2025 Charges for PORD Customer Payment 5.60 :003218269752,Payment,5.60,,5.60,Bank Account,BANK CHARGES,128020.31,
13-11-2025,"13/11/2025 13/11/2025 NEFT-BARBV25317699366-ATHARV 29,085.00 AGENCY-HDFC BANK LTD.",Payment,29085.00,,29085.00,Bank Account,A,157105.31,
13-11-2025,13/11/2025 13/11/2025 Charges for PORD Customer Payment 5.60 :003218269687,Payment,5.60,,5.60,Bank Account,BANK CHARGES,157110.91,
13-11-2025,13/11/2025 13/11/2025 NEFT-IN22531721797904-RETAIL SCAN 465.05 MANAGEMENT SERVI,Receipt,,465.05,465.05,Bank Account,A,156645.86,
12-11-2025,"12/11/2025 12/11/2025 BY CASH 1,30,000.00",Contra,,130000.00,130000.00,Bank Account,Cash,26645.86,
10-11-2025,"10/11/2025 10/11/2025 NEFT-SBIN325314952994-SAWARIYA 16,630.00 KIRANA AND PROVISIO",Receipt,,16630.00,16630.00,Bank Account,A,10015.86,
07-11-2025,"07/11/2025 07/11/2025 NEFT-BARBV25311967776-RSPL LTD- 99,000.00 HDFC BANK LTD. (HDF",Payment,99000.00,,99000.00,Bank Account,A,109015.86,
07-11-2025,07/11/2025 07/11/2025 Charges for PORD Customer Payment 5.60 :003205260021,Payment,5.60,,5.60,Bank Account,BANK CHARGES,109021.46,
07-11-2025,"07/11/2025 07/11/2025 NEFT-BARBV25311967760-RSPL LTD- 2,00,000.00 HDFC BANK LTD. (HDF",Payment,200000.00,,200000.00,Bank Account,A,309021.46,
07-11-2025,07/11/2025 07/11/2025 Charges for PORD Customer Payment 17.40 :003205260005,Payment,17.40,,17.40,Bank Account,BANK CHARGES,309038.86,
07-11-2025,"07/11/2025 07/11/2025 EBANK:1480494978/mintifi/114081623481/ CCAVENUES I 4,06,131.46",Payment,406131.46,,406131.46,Bank Account,A,715170.32,
07-11-2025,"07/11/2025 07/11/2025 BY CASH 4,50,000.00 02/06/2026 15:23 Contact-Us@18005700 Page 7 of 19 *This is computer-generated statement.No signature is required.",Contra,,450000.00,450000.00,Bank Account,Cash,265170.32,
07-11-2025,"07/11/2025 07/11/2025 BY CASH 50,000.00",Contra,,50000.00,50000.00,Bank Account,Cash,215170.32,
07-11-2025,"07/11/2025 07/11/2025 MBK/531152990647/11:08:29/SIDDHANT 77,043.00 to anisha mark",Payment,77043.00,,77043.00,Bank Account,Sarkk & Associates,292213.32,
07-11-2025,"07/11/2025 07/11/2025 NEFT-BARBU25311269716-AADESH 53,777.00 ENTERPRISES-I.C.I.C.I",Payment,53777.00,,53777.00,Bank Account,A,345990.32,
07-11-2025,07/11/2025 07/11/2025 Charges for PORD Customer Payment 5.60 :003203523209,Payment,5.60,,5.60,Bank Account,BANK CHARGES,345995.92,
05-11-2025,05/11/2025 05/11/2025 ACHRE/BARB0000000029045581/HRETC 295.00 HARGE/111099206239,Payment,295.00,,295.00,Bank Account,A,346290.92,
04-11-2025,"04/11/2025 04/11/2025 NEFT-BARBZ25308318895-RAHUL 11,921.00 RATHORE-AXIS BANK LTD",Payment,11921.00,,11921.00,Bank Account,Axis Bank Ltd,358211.92,
04-11-2025,04/11/2025 04/11/2025 Charges for PORD Customer Payment 5.60 :003196956687,Payment,5.60,,5.60,Bank Account,BANK CHARGES,358217.52,
31-10-2025,"31/10/2025 31/10/2025 NEFT-BARBR25304320421-PINAKEAST 10,284.00 ENTERPRISES-PUNJAB",Payment,10284.00,,10284.00,Bank Account,A,368501.52,
31-10-2025,31/10/2025 31/10/2025 Charges for PORD Customer Payment 5.60 :003187456971,Payment,5.60,,5.60,Bank Account,BANK CHARGES,368507.12,
31-10-2025,"31/10/2025 31/10/2025 BY CASH 3,00,000.00",Contra,,300000.00,300000.00,Bank Account,Cash,68507.12,
31-10-2025,"31/10/2025 31/10/2025 NEFT-BARBQ25304799858-AADESH 37,452.00 ENTERPRISES PVT LT-I.",Payment,37452.00,,37452.00,Bank Account,A,105959.12,
31-10-2025,31/10/2025 31/10/2025 Charges for PORD Customer Payment 5.60 :003186901230,Payment,5.60,,5.60,Bank Account,BANK CHARGES,105964.72,
31-10-2025,"31/10/2025 31/10/2025 NEFT-BARBQ25304799169-AADESH 28,642.00 ENTERPRISES PVT LT-I.",Payment,28642.00,,28642.00,Bank Account,A,134606.72,
31-10-2025,31/10/2025 31/10/2025 Charges for PORD Customer Payment 5.60 :003186898977,Payment,5.60,,5.60,Bank Account,BANK CHARGES,134612.32,
29-10-2025,"29/10/2025 29/10/2025 NEFT-BARBX25302463889-RIDIT 51,390.00 ENTERPRISES-HDFC BANK",Payment,51390.00,,51390.00,Bank Account,A,186002.32,
29-10-2025,29/10/2025 29/10/2025 Charges for PORD Customer Payment 5.60 :003182384923,Payment,5.60,,5.60,Bank Account,BANK CHARGES,186007.92,
27-10-2025,"27/10/2025 27/10/2025 NEFT-BARBT25300816048-AADESH 50,000.00 ENTERPRISES PVT LT-I.",Payment,50000.00,,50000.00,Bank Account,A,236007.92,
27-10-2025,27/10/2025 27/10/2025 Charges for PORD Customer Payment 5.60 :003178373572,Payment,5.60,,5.60,Bank Account,BANK CHARGES,236013.52,
26-10-2025,"26/10/2025 26/10/2025 NEFT-BARBS25299338956-AGROWTH 1,862.00 MARKETING-HDFC BANK",Payment,1862.00,,1862.00,Bank Account,A,237875.52,
26-10-2025,26/10/2025 26/10/2025 Charges for PORD Customer Payment 2.65 :003176722167,Payment,2.65,,2.65,Bank Account,BANK CHARGES,237878.17,
25-10-2025,"25/10/2025 25/10/2025 NEFT-BARBR25298654828-AADESH 17,272.00 ENTERPRISES-I.C.I.C.I",Payment,17272.00,,17272.00,Bank Account,A,255150.17,
25-10-2025,25/10/2025 25/10/2025 Charges for PORD Customer Payment 5.60 :003175410108,Payment,5.60,,5.60,Bank Account,BANK CHARGES,255155.77,
25-10-2025,"25/10/2025 25/10/2025 NEFT-BARBR25298432212-THE 30,631.00 DISTRIBUTION CHANNEL-HDF",Payment,30631.00,,30631.00,Bank Account,A,285786.77,
25-10-2025,25/10/2025 25/10/2025 Charges for PORD Customer Payment 5.60 :003175174215,Payment,5.60,,5.60,Bank Account,BANK CHARGES,285792.37,
25-10-2025,"25/10/2025 25/10/2025 NEFT-BARBR25298431623-TANIYA 42,832.00 TRADING-CENTRAL BANK",Payment,42832.00,,42832.00,Bank Account,A,328624.37,
25-10-2025,25/10/2025 25/10/2025 Charges for PORD Customer Payment 5.60 :003175173770,Payment,5.60,,5.60,Bank Account,BANK CHARGES,328629.97,
24-10-2025,"24/10/2025 24/10/2025 BY CASH 1,50,000.00",Contra,,150000.00,150000.00,Bank Account,Cash,178629.97,
23-10-2025,"23/10/2025 23/10/2025 NEFT-BARBP25296016328-RSPL LTD- 1,50,000.00 HDFC BANK LTD. (HDF",Payment,150000.00,,150000.00,Bank Account,A,328629.97,
23-10-2025,23/10/2025 23/10/2025 Charges for PORD Customer Payment 17.40 :003171753592,Payment,17.40,,17.40,Bank Account,BANK CHARGES,328647.37,
21-10-2025,"21/10/2025 21/10/2025 NEFT-SBIN325294735341-SAWARIYA 14,488.00 KIRANA AND PROVISIO",Receipt,,14488.00,14488.00,Bank Account,A,314159.37,
21-10-2025,21/10/2025 21/10/2025 INWARD RETURN 177.00,Payment,177.00,,177.00,Bank Account,A,314336.37,
20-10-2025,"20/10/2025 20/10/2025 REJECT:737075:01:Funds insufficient 50,000.00",Payment,50000.00,,50000.00,Bank Account,A,364336.37,
20-10-2025,"20/10/2025 20/10/2025 REJECT:737075:01:Funds insufficient 50,000.00",Receipt,,50000.00,50000.00,Bank Account,A,314336.37,
20-10-2025,20/10/2025 20/10/2025 SMS Charges for SEP 25 1.18,Payment,1.18,,1.18,Bank Account,BANK CHARGES,314337.55,
17-10-2025,"17/10/2025 17/10/2025 NEFT-BARBY25290146353-GOODLUCK 48,276.00 AGENCIES-CENTRAL BA",Payment,48276.00,,48276.00,Bank Account,A,362613.55,
17-10-2025,17/10/2025 17/10/2025 Charges for PORD Customer Payment 5.60 :003157707656,Payment,5.60,,5.60,Bank Account,BANK CHARGES,362619.15,
16-10-2025,"16/10/2025 16/10/2025 BY CASH 3,00,000.00",Contra,,300000.00,300000.00,Bank Account,Cash,62619.15,
15-10-2025,"15/10/2025 15/10/2025 MBK/528825122943/19:31:47/SIDDHANT 20,696.00 to anisha mark",Payment,20696.00,,20696.00,Bank Account,Sarkk & Associates,83315.15,
15-10-2025,"15/10/2025 15/10/2025 NEFT-ICIN228843594457-RETAIL SCAN 1,580.16 MANAGEMENT SERVI 02/06/2026 15:23 Contact-Us@18005700 Page 8 of 19 *This is computer-generated statement.No signature is required.",Receipt,,1580.16,1580.16,Bank Account,A,81734.99,
11-10-2025,"11/10/2025 11/10/2025 NEFT-BARBS25284761470-TANIYA 60,000.00 TRADING-CENTRAL BANK",Payment,60000.00,,60000.00,Bank Account,A,141734.99,
11-10-2025,11/10/2025 11/10/2025 Charges for PORD Customer Payment 5.60 :003139977635,Payment,5.60,,5.60,Bank Account,BANK CHARGES,141740.59,
06-10-2025,"06/10/2025 06/10/2025 NEFT-BARBQ25279608790-RAHUL 56,215.00 AGENCIES-AXIS BANK LT",Payment,56215.00,,56215.00,Bank Account,Axis Bank Ltd,197955.59,
06-10-2025,06/10/2025 06/10/2025 Charges for PORD Customer Payment 5.60 :003126333290,Payment,5.60,,5.60,Bank Account,BANK CHARGES,197961.19,
06-10-2025,"06/10/2025 06/10/2025 NEFT-BARBQ25279592337-RIDIT 50,000.00 ENTERPRISES-HDFC BANK",Payment,50000.00,,50000.00,Bank Account,A,247961.19,
06-10-2025,06/10/2025 06/10/2025 Charges for PORD Customer Payment 5.60 :003126312653,Payment,5.60,,5.60,Bank Account,BANK CHARGES,247966.79,
06-10-2025,"06/10/2025 06/10/2025 NEFT-BARBQ25279586449-AADESH 12,235.00 ENTERPRISES-I.C.I.C.I",Payment,12235.00,,12235.00,Bank Account,A,260201.79,
06-10-2025,06/10/2025 06/10/2025 Charges for PORD Customer Payment 5.60 :003126306724,Payment,5.60,,5.60,Bank Account,BANK CHARGES,260207.39,
06-10-2025,"06/10/2025 06/10/2025 MBK/527912858910/15:47:48/SIDDHANT 26,794.00 to m Inayat al",Payment,26794.00,,26794.00,Bank Account,A,287001.39,
06-10-2025,"06/10/2025 06/10/2025 NEFT-BARBQ25279532414-MAHARAJA 18,864.00 INDIA VINTRADE PVT",Payment,18864.00,,18864.00,Bank Account,A,305865.39,
06-10-2025,06/10/2025 06/10/2025 Charges for PORD Customer Payment 5.60 :003126246455,Payment,5.60,,5.60,Bank Account,BANK CHARGES,305870.99,
06-10-2025,"06/10/2025 06/10/2025 NEFT-BARBQ25279532359-ATHARV 16,672.00 AGENCY-HDFC BANK LTD.",Payment,16672.00,,16672.00,Bank Account,A,322542.99,
06-10-2025,06/10/2025 06/10/2025 Charges for PORD Customer Payment 5.60 :003126246388,Payment,5.60,,5.60,Bank Account,BANK CHARGES,322548.59,
06-10-2025,"06/10/2025 06/10/2025 NEFT-BARBQ25279526436-AGROWTH 10,595.00 MARKETING-HDFC BANK",Payment,10595.00,,10595.00,Bank Account,A,333143.59,
06-10-2025,06/10/2025 06/10/2025 Charges for PORD Customer Payment 5.60 :003126246313,Payment,5.60,,5.60,Bank Account,BANK CHARGES,333149.19,
06-10-2025,"06/10/2025 06/10/2025 BY CASH 2,00,000.00",Contra,,200000.00,200000.00,Bank Account,Cash,133149.19,
06-10-2025,"06/10/2025 06/10/2025 NEFT-BARBQ25279323665-KRISHNA 19,252.00 TRADERS-HDFC BANK LT",Payment,19252.00,,19252.00,Bank Account,A,152401.19,
06-10-2025,06/10/2025 06/10/2025 Charges for PORD Customer Payment 5.60 :003126027232,Payment,5.60,,5.60,Bank Account,BANK CHARGES,152406.79,
05-10-2025,"05/10/2025 05/10/2025 ACHDR/MINTIFI FINSERVE 1,401.39 PRI/3226578354/111056265094",Payment,1401.39,,1401.39,Bank Account,A,153808.18,
02-10-2025,"02/10/2025 02/10/2025 NEFT-UNBAH3c7e5205396-Bharat Pe 18,000.00",Receipt,,18000.00,18000.00,Bank Account,A,135808.18,
01-10-2025,"01/10/2025 01/10/2025 NEFT-YESAP52742975509-RESILIENT 13,000.00 INNOVATIONS PVT LT",Receipt,,13000.00,13000.00,Bank Account,A,122808.18,
30-09-2025,"30/09/2025 30/09/2025 NEFT-BARBZ25273537118-SANJAY 4,751.00 TRADERS-BANK OF INDIA",Payment,4751.00,,4751.00,Bank Account,Sanjay Traders Ranapur,127559.18,
30-09-2025,30/09/2025 30/09/2025 Charges for PORD Customer Payment 2.65 :003111963776,Payment,2.65,,2.65,Bank Account,BANK CHARGES,127561.83,
30-09-2025,"30/09/2025 30/09/2025 NEFT-BARBZ25273537246-DEEP 35,361.00 COSMETIC AND SURGICAL-K",Payment,35361.00,,35361.00,Bank Account,C S T Dipo,162922.83,
30-09-2025,30/09/2025 30/09/2025 Charges for PORD Customer Payment 5.60 :003111963543,Payment,5.60,,5.60,Bank Account,BANK CHARGES,162928.43,
30-09-2025,"30/09/2025 30/09/2025 NEFT-BARBZ25273535891-AADESH 16,215.00 ENTERPRISES-I.C.I.C.I",Payment,16215.00,,16215.00,Bank Account,A,179143.43,
30-09-2025,30/09/2025 30/09/2025 Charges for PORD Customer Payment 5.60 :003111961819,Payment,5.60,,5.60,Bank Account,BANK CHARGES,179149.03,
30-09-2025,"30/09/2025 30/09/2025 NEFT-UNBAH85d41bbf81d-Bharat Pe 11,000.00",Receipt,,11000.00,11000.00,Bank Account,A,168149.03,
29-09-2025,"29/09/2025 29/09/2025 NEFT-UNBAH2bfbf6f1db2-Bharat Pe 15,000.00",Receipt,,15000.00,15000.00,Bank Account,A,153149.03,
28-09-2025,"28/09/2025 28/09/2025 NEFT-BARBU25271769262-AADESH 67,326.00 ENTERPRISES-I.C.I.C.I",Payment,67326.00,,67326.00,Bank Account,A,220475.03,
28-09-2025,28/09/2025 28/09/2025 Charges for PORD Customer Payment 5.60 :003106709772,Payment,5.60,,5.60,Bank Account,BANK CHARGES,220480.63,
28-09-2025,"28/09/2025 28/09/2025 NEFT-BARBU25271768562-VICTOR 33,010.00 MARKETING-STATE BANK",Payment,33010.00,,33010.00,Bank Account,A,253490.63,
28-09-2025,28/09/2025 28/09/2025 Charges for PORD Customer Payment 5.60 :003106709305,Payment,5.60,,5.60,Bank Account,BANK CHARGES,253496.23,
27-09-2025,"27/09/2025 27/09/2025 NEFT-UNBAHa1c3ac977a2-Bharat Pe 10,000.00",Receipt,,10000.00,10000.00,Bank Account,A,243496.23,
26-09-2025,"26/09/2025 26/09/2025 NEFT-BARBR25269148869-AADESH 35,965.00 ENTERPRISES PVT LT-I.",Payment,35965.00,,35965.00,Bank Account,A,279461.23,
26-09-2025,26/09/2025 26/09/2025 Charges for PORD Customer Payment 5.60 :003102669704,Payment,5.60,,5.60,Bank Account,BANK CHARGES,279466.83,
25-09-2025,"25/09/2025 25/09/2025 BY CASH 1,00,000.00",Contra,,100000.00,100000.00,Bank Account,Cash,179466.83,
24-09-2025,24/09/2025 24/09/2025 SMS Charges for AUG 25 0.71,Payment,0.71,,0.71,Bank Account,BANK CHARGES,179467.54,
22-09-2025,"22/09/2025 22/09/2025 NEFT-HDFCH00498520525-DEEPSAGAR 83,554.00 PROVISION 02/06/2026 15:23 Contact-Us@18005700 Page 9 of 19 *This is computer-generated statement.No signature is required.",Receipt,,83554.00,83554.00,Bank Account,A,95913.54,
22-09-2025,22/09/2025 22/09/2025 NEFT-AXNFCN1093128527-RESILIENT 360.00 INNOVATIONS PRIVAT,Receipt,,360.00,360.00,Bank Account,A,95553.54,
21-09-2025,"21/09/2025 21/09/2025 NEFT-BARBS25264192239-AYEKART 37,867.00 RETAIL PRIVET LIMITE",Payment,37867.00,,37867.00,Bank Account,A,133420.54,
21-09-2025,21/09/2025 21/09/2025 Charges for PORD Customer Payment 5.60 :003091890318,Payment,5.60,,5.60,Bank Account,BANK CHARGES,133426.14,
21-09-2025,"21/09/2025 21/09/2025 NEFT-BARBS25264186560-THE 18,797.00 DISTRIBUTION CHANNEL-HDF",Payment,18797.00,,18797.00,Bank Account,A,152223.14,
21-09-2025,21/09/2025 21/09/2025 Charges for PORD Customer Payment 5.60 :003091890299,Payment,5.60,,5.60,Bank Account,BANK CHARGES,152228.74,
21-09-2025,"21/09/2025 21/09/2025 NEFT-BARBS25264186541-AADESH 23,312.00 ENTERPRISES PVT LT-I.",Payment,23312.00,,23312.00,Bank Account,A,175540.74,
21-09-2025,21/09/2025 21/09/2025 Charges for PORD Customer Payment 5.60 :003091890280,Payment,5.60,,5.60,Bank Account,BANK CHARGES,175546.34,
21-09-2025,"21/09/2025 21/09/2025 MBK/526440988760/08:57:53/siddhant to 40,898.00 m Inayat al",Payment,40898.00,,40898.00,Bank Account,A,216444.34,
20-09-2025,"20/09/2025 20/09/2025 EBANK:1473600363/mintifi/113942635917/ CCAVENUES I 1,00,000.00",Payment,100000.00,,100000.00,Bank Account,A,316444.34,
20-09-2025,"20/09/2025 20/09/2025 BY CASH 2,00,000.00",Contra,,200000.00,200000.00,Bank Account,Cash,116444.34,
19-09-2025,"19/09/2025 19/09/2025 EBANK:1473448119/mintifi/113941570793/ CCAVENUES I 2,00,000.00",Payment,200000.00,,200000.00,Bank Account,A,316444.34,
19-09-2025,"19/09/2025 19/09/2025 NEFT-BARBZ25262169515-KULDEEP 7,573.00 ENTERPRISES-UNION BA",Payment,7573.00,,7573.00,Bank Account,A,324017.34,
19-09-2025,19/09/2025 19/09/2025 Charges for PORD Customer Payment 2.65 :003087424370,Payment,2.65,,2.65,Bank Account,BANK CHARGES,324019.99,
19-09-2025,"19/09/2025 19/09/2025 NEFT-BARBZ25262168533-RAJENDRA 4,455.00 KUMAR RAMLAL-BANK O",Payment,4455.00,,4455.00,Bank Account,A,328474.99,
19-09-2025,19/09/2025 19/09/2025 Charges for PORD Customer Payment 2.65 :003087423006,Payment,2.65,,2.65,Bank Account,BANK CHARGES,328477.64,
19-09-2025,"19/09/2025 19/09/2025 NEFT-YESB52624922788-RESILIENT 80,001.00 INNOVATIONS PVT LTD",Receipt,,80001.00,80001.00,Bank Account,A,248476.64,
16-09-2025,"16/09/2025 16/09/2025 BY CASH 2,00,000.00",Contra,,200000.00,200000.00,Bank Account,Cash,48476.64,
13-09-2025,"13/09/2025 13/09/2025 NEFT-BARBW25256827392-RSPL LTD- 1,00,000.00 HDFC BANK LTD. (HDF",Payment,100000.00,,100000.00,Bank Account,A,148476.64,
13-09-2025,13/09/2025 13/09/2025 Charges for PORD Customer Payment 5.60 :003073422418,Payment,5.60,,5.60,Bank Account,BANK CHARGES,148482.24,
11-09-2025,"11/09/2025 11/09/2025 NEFT-BARBS25254809921-SHREE 36,073.00 KANTAJEET SONS-AXIS",Payment,36073.00,,36073.00,Bank Account,Axis Bank Ltd,184555.24,
11-09-2025,11/09/2025 11/09/2025 Charges for PORD Customer Payment 5.60 :003069054946,Payment,5.60,,5.60,Bank Account,BANK CHARGES,184560.84,
11-09-2025,"11/09/2025 11/09/2025 NEFT-BARBS25254492325-AADESH 22,225.00 ENTERPRISES-I.C.I.C.I",Payment,22225.00,,22225.00,Bank Account,A,206785.84,
11-09-2025,11/09/2025 11/09/2025 Charges for PORD Customer Payment 5.60 :003068731388,Payment,5.60,,5.60,Bank Account,BANK CHARGES,206791.44,
10-09-2025,"10/09/2025 10/09/2025 NEFT-BARBR25253105963-AYEKART 58,013.00 RETAIL PRIVET LIMITE",Payment,58013.00,,58013.00,Bank Account,A,264804.44,
10-09-2025,10/09/2025 10/09/2025 Charges for PORD Customer Payment 5.60 :003067006487,Payment,5.60,,5.60,Bank Account,BANK CHARGES,264810.04,
10-09-2025,"10/09/2025 10/09/2025 NEFT-BARBR25253105910-ATHARV 29,769.00 AGENCY-HDFC BANK LTD.",Payment,29769.00,,29769.00,Bank Account,A,294579.04,
10-09-2025,10/09/2025 10/09/2025 Charges for PORD Customer Payment 5.60 :003067006429,Payment,5.60,,5.60,Bank Account,BANK CHARGES,294584.64,
10-09-2025,"10/09/2025 10/09/2025 NEFT-BARBR25253103296-AADESH 15,568.00 ENTERPRISES-I.C.I.C.I",Payment,15568.00,,15568.00,Bank Account,A,310152.64,
10-09-2025,10/09/2025 10/09/2025 Charges for PORD Customer Payment 5.60 :003067006384,Payment,5.60,,5.60,Bank Account,BANK CHARGES,310158.24,
10-09-2025,"10/09/2025 10/09/2025 BY CASH 3,00,000.00",Contra,,300000.00,300000.00,Bank Account,Cash,10158.24,
05-09-2025,05/09/2025 05/09/2025 ACHDR/MINTIFI FINSERVE 90.41 PRI/3024450170/111018298136,Payment,90.41,,90.41,Bank Account,A,10248.65,
04-09-2025,"04/09/2025 04/09/2025 MBK/524744864499/11:26:30/SIDDHANT 58,836.00 to anisha mark",Payment,58836.00,,58836.00,Bank Account,Sarkk & Associates,69084.65,
04-09-2025,"04/09/2025 04/09/2025 NEFT-BARBY25247961444-RIDDHI 8,086.00 MARKETING-HDFC BANK L",Payment,8086.00,,8086.00,Bank Account,A,77170.65,
04-09-2025,04/09/2025 04/09/2025 Charges for PORD Customer Payment 2.65 :003051573910,Payment,2.65,,2.65,Bank Account,BANK CHARGES,77173.30,
04-09-2025,"04/09/2025 04/09/2025 NEFT-BARBY25247960939-JYOTI SELS 87,406.00 KUKSHI-HDFC BANK",Payment,87406.00,,87406.00,Bank Account,A,164579.30,
04-09-2025,04/09/2025 04/09/2025 Charges for PORD Customer Payment 5.60 :003051573785,Payment,5.60,,5.60,Bank Account,BANK CHARGES,164584.90,
02-09-2025,"02/09/2025 02/09/2025 BY CASH 1,50,000.00 02/06/2026 15:23 Contact-Us@18005700 Page 10 of 19 *This is computer-generated statement.No signature is required.",Contra,,150000.00,150000.00,Bank Account,Cash,14584.90,
28-08-2025,"28/08/2025 28/08/2025 NEFT-BARBV25240212744-PINAKEAST 19,954.00 ENTERPRISES-PUNJAB",Payment,19954.00,,19954.00,Bank Account,A,34538.90,
28-08-2025,28/08/2025 28/08/2025 Charges for PORD Customer Payment 5.60 :003035553223,Payment,5.60,,5.60,Bank Account,BANK CHARGES,34544.50,
28-08-2025,28/08/2025 28/08/2025 SMS Charges for JUL 25 1.89,Payment,1.89,,1.89,Bank Account,BANK CHARGES,34546.39,
23-08-2025,"23/08/2025 23/08/2025 MBK/523511335852/11:36:11/siddhant to 6,768.00 m Inayat al",Payment,6768.00,,6768.00,Bank Account,A,41314.39,
23-08-2025,"23/08/2025 23/08/2025 NEFT-BARBX25235118910-RIDIT 38,096.00 ENTERPRISES-HDFC BANK",Payment,38096.00,,38096.00,Bank Account,A,79410.39,
23-08-2025,23/08/2025 23/08/2025 Charges for PORD Customer Payment 5.60 :003025364008,Payment,5.60,,5.60,Bank Account,BANK CHARGES,79415.99,
23-08-2025,"23/08/2025 23/08/2025 NEFT-BARBX25235120091-THE 15,561.00 DISTRIBUTION CHANNEL-HDF",Payment,15561.00,,15561.00,Bank Account,A,94976.99,
23-08-2025,23/08/2025 23/08/2025 Charges for PORD Customer Payment 5.60 :003025363935,Payment,5.60,,5.60,Bank Account,BANK CHARGES,94982.59,
23-08-2025,"23/08/2025 23/08/2025 NEFT-BARBX25235115403-AADESH 33,438.00 ENTERPRISES PVT LT-I.",Payment,33438.00,,33438.00,Bank Account,A,128420.59,
23-08-2025,23/08/2025 23/08/2025 Charges for PORD Customer Payment 5.60 :003025363730,Payment,5.60,,5.60,Bank Account,BANK CHARGES,128426.19,
23-08-2025,"23/08/2025 23/08/2025 NEFT-BARBX25235115432-AADESH 14,245.00 ENTERPRISES-I.C.I.C.I",Payment,14245.00,,14245.00,Bank Account,A,142671.19,
23-08-2025,23/08/2025 23/08/2025 Charges for PORD Customer Payment 5.60 :003025363841,Payment,5.60,,5.60,Bank Account,BANK CHARGES,142676.79,
17-08-2025,"17/08/2025 17/08/2025 NEFT-BARBW25229468593-AYEKART 33,546.00 RETAIL PRIVET LIMITE",Payment,33546.00,,33546.00,Bank Account,A,176222.79,
17-08-2025,17/08/2025 17/08/2025 Charges for PORD Customer Payment 5.60 :003012707483,Payment,5.60,,5.60,Bank Account,BANK CHARGES,176228.39,
14-08-2025,"14/08/2025 14/08/2025 NEFT-BARBT25226020670-RSPL LTD- 2,00,000.00 HDFC BANK LTD. (HDF",Payment,200000.00,,200000.00,Bank Account,A,376228.39,
14-08-2025,14/08/2025 14/08/2025 Charges for PORD Customer Payment 17.40 :003008436825,Payment,17.40,,17.40,Bank Account,BANK CHARGES,376245.79,
14-08-2025,"14/08/2025 14/08/2025 BY CASH 3,00,000.00",Contra,,300000.00,300000.00,Bank Account,Cash,76245.79,
14-08-2025,"14/08/2025 14/08/2025 NEFT-ICIN222631074535-RETAIL SCAN 2,028.26 MANAGEMENT SERVI",Receipt,,2028.26,2028.26,Bank Account,A,74217.53,
13-08-2025,"13/08/2025 13/08/2025 NEFT-BARBP25225184925-AADESH 11,699.00 ENTERPRISES-I.C.I.C.I",Payment,11699.00,,11699.00,Bank Account,A,85916.53,
13-08-2025,13/08/2025 13/08/2025 Charges for PORD Customer Payment 5.60 :003004364331,Payment,5.60,,5.60,Bank Account,BANK CHARGES,85922.13,
11-08-2025,"11/08/2025 11/08/2025 MBK/522378972498/08:34:26/SIDDHANT 47,298.00 TO ANISHA MARK",Payment,47298.00,,47298.00,Bank Account,Sarkk & Associates,133220.13,
11-08-2025,"11/08/2025 11/08/2025 NEFT-BARBU25223432957-KRISHNA 18,825.00 TRADERS-HDFC BANK LT",Payment,18825.00,,18825.00,Bank Account,A,152045.13,
11-08-2025,11/08/2025 11/08/2025 Charges for PORD Customer Payment 5.60 :002998101331,Payment,5.60,,5.60,Bank Account,BANK CHARGES,152050.73,
08-08-2025,"08/08/2025 08/08/2025 NEFT-BARBZ25220662076-GIRNAR 14,867.00 AYURVEDIC PHARMACY PV",Payment,14867.00,,14867.00,Bank Account,A,166917.73,
08-08-2025,08/08/2025 08/08/2025 Charges for PORD Customer Payment 5.60 :002991732666,Payment,5.60,,5.60,Bank Account,BANK CHARGES,166923.33,
07-08-2025,"07/08/2025 07/08/2025 BY CASH 1,50,000.00",Contra,,150000.00,150000.00,Bank Account,Cash,16923.33,
02-08-2025,"02/08/2025 02/08/2025 NEFT-BARBY25214283116-ATHARV 47,359.00 AGENCY-HDFC BANK LTD.",Payment,47359.00,,47359.00,Bank Account,A,64282.33,
02-08-2025,02/08/2025 02/08/2025 Charges for PORD Customer Payment 5.60 :002977444216,Payment,5.60,,5.60,Bank Account,BANK CHARGES,64287.93,
02-08-2025,"02/08/2025 02/08/2025 MBK/521477865860/22:21:50/siddhant to 49,732.00 anisha mark",Payment,49732.00,,49732.00,Bank Account,Sarkk & Associates,114019.93,
02-08-2025,"02/08/2025 02/08/2025 NEFT-BARBY25214282900-RIDIT 3,000.00 ENTERPRISES-HDFC BANK",Payment,3000.00,,3000.00,Bank Account,A,117019.93,
02-08-2025,02/08/2025 02/08/2025 Charges for PORD Customer Payment 2.65 :002977443890,Payment,2.65,,2.65,Bank Account,BANK CHARGES,117022.58,
02-08-2025,"02/08/2025 02/08/2025 NEFT-BARBY25214282863-RAHUL 56,808.00 AGENCIES-AXIS BANK LT",Payment,56808.00,,56808.00,Bank Account,Axis Bank Ltd,173830.58,
02-08-2025,02/08/2025 02/08/2025 Charges for PORD Customer Payment 5.60 :002977443851,Payment,5.60,,5.60,Bank Account,BANK CHARGES,173836.18,
02-08-2025,"02/08/2025 02/08/2025 MBK/521477731805/22:05:06/SIDDHANT 45,100.00 to m Inayat al",Payment,45100.00,,45100.00,Bank Account,A,218936.18,
02-08-2025,"02/08/2025 02/08/2025 EBANK:1466673832/mintifi/113881743633/ CCAVENUES I 2,00,813.69",Payment,200813.69,,200813.69,Bank Account,A,419749.87,
02-08-2025,"02/08/2025 02/08/2025 BY CASH 4,00,000.00",Contra,,400000.00,400000.00,Bank Account,Cash,19749.87,
29-07-2025,"29/07/2025 29/07/2025 MBK/521024774867/22:29:31/SIDDHANT 50,000.00 TO KAMAL KUMAW 02/06/2026 15:23 Contact-Us@18005700 Page 11 of 19 *This is computer-generated statement.No signature is required.",Payment,50000.00,,50000.00,Bank Account,A,69749.87,
29-07-2025,"29/07/2025 29/07/2025 NEFT-BARBZ25210783648-THE 6,691.00 DISTRIBUTION CHANNEL-HDF",Payment,6691.00,,6691.00,Bank Account,A,76440.87,
29-07-2025,29/07/2025 29/07/2025 Charges for PORD Customer Payment 2.65 :002966978351,Payment,2.65,,2.65,Bank Account,BANK CHARGES,76443.52,
29-07-2025,"29/07/2025 29/07/2025 NEFT-BARBZ25210783495-AADESH 40,948.00 ENTERPRISES PVT LT-I.",Payment,40948.00,,40948.00,Bank Account,A,117391.52,
29-07-2025,29/07/2025 29/07/2025 Charges for PORD Customer Payment 5.60 :002966978291,Payment,5.60,,5.60,Bank Account,BANK CHARGES,117397.12,
29-07-2025,"29/07/2025 29/07/2025 EBANK:1466036145/mintifi/113874905755/ CCAVENUES I 1,50,000.00",Payment,150000.00,,150000.00,Bank Account,A,267397.12,
29-07-2025,"29/07/2025 29/07/2025 BY CASH 2,50,000.00",Contra,,250000.00,250000.00,Bank Account,Cash,17397.12,
28-07-2025,"28/07/2025 28/07/2025 NEFT-BARBX25209861860-RSPL LTD- 15,000.00 HDFC BANK LTD. (HDF",Payment,15000.00,,15000.00,Bank Account,A,32397.12,
28-07-2025,28/07/2025 28/07/2025 Charges for PORD Customer Payment 5.60 :002964881459,Payment,5.60,,5.60,Bank Account,BANK CHARGES,32402.72,
26-07-2025,"26/07/2025 26/07/2025 EBANK:1465685897/mintifi/113870407254/ CCAVENUES I 50,000.00",Payment,50000.00,,50000.00,Bank Account,A,82402.72,
26-07-2025,"26/07/2025 26/07/2025 MBK/520794813582/22:28:03/for use 50,000.00",Receipt,,50000.00,50000.00,Bank Account,A,32402.72,
25-07-2025,25/07/2025 25/07/2025 SMS Charges for JUN 25 1.42,Payment,1.42,,1.42,Bank Account,BANK CHARGES,32404.14,
25-07-2025,25/07/2025 25/07/2025 NEFT-ICIN220611123551-RETAIL SCAN 291.84 MANAGEMENT SERVI,Receipt,,291.84,291.84,Bank Account,A,32112.30,
24-07-2025,"24/07/2025 24/07/2025 NEFT-BARBQ25205063419-AGROWTH 17,910.00 MARKETING-HDFC BANK",Payment,17910.00,,17910.00,Bank Account,A,50022.30,
24-07-2025,24/07/2025 24/07/2025 Charges for PORD Customer Payment 5.60 :002956361874,Payment,5.60,,5.60,Bank Account,BANK CHARGES,50027.90,
24-07-2025,"24/07/2025 24/07/2025 NEFT-BARBQ25205062037-KRISHNA 23,570.00 TRADERS-HDFC BANK LT",Payment,23570.00,,23570.00,Bank Account,A,73597.90,
24-07-2025,24/07/2025 24/07/2025 Charges for PORD Customer Payment 5.60 :002956357818,Payment,5.60,,5.60,Bank Account,BANK CHARGES,73603.50,
18-07-2025,"18/07/2025 18/07/2025 EBANK:1464612342/mintifi/113858238388/ CCAVENUES I 50,000.00",Payment,50000.00,,50000.00,Bank Account,A,123603.50,
18-07-2025,"18/07/2025 18/07/2025 NEFT-BARBQ25199487600-AADESH 41,480.00 ENTERPRISES PVT LT-I.",Payment,41480.00,,41480.00,Bank Account,A,165083.50,
18-07-2025,18/07/2025 18/07/2025 Charges for PORD Customer Payment 5.60 :002945109461,Payment,5.60,,5.60,Bank Account,BANK CHARGES,165089.10,
18-07-2025,"18/07/2025 18/07/2025 BY CASH 1,00,000.00",Contra,,100000.00,100000.00,Bank Account,Cash,65089.10,
18-07-2025,"18/07/2025 18/07/2025 NEFT-HDFCH00371889054-DEEPSAGAR 38,996.00 PROVISION",Receipt,,38996.00,38996.00,Bank Account,A,26093.10,
17-07-2025,"17/07/2025 17/07/2025 NEFT-BARBY25198951403-AADESH 27,928.00 ENTERPRISES PVT LT-I.",Payment,27928.00,,27928.00,Bank Account,A,54021.10,
17-07-2025,17/07/2025 17/07/2025 Charges for PORD Customer Payment 5.60 :002942443386,Payment,5.60,,5.60,Bank Account,BANK CHARGES,54026.70,
16-07-2025,"16/07/2025 16/07/2025 NEFT-BARBV25197557070-AADESH 50,000.00 ENTERPRISES PVT LT-I.",Payment,50000.00,,50000.00,Bank Account,A,104026.70,
16-07-2025,16/07/2025 16/07/2025 Charges for PORD Customer Payment 5.60 :002938853752,Payment,5.60,,5.60,Bank Account,BANK CHARGES,104032.30,
16-07-2025,"16/07/2025 16/07/2025 NEFT-BARBV25197555777-ATHARV 16,335.00 AGENCY-HDFC BANK LTD.",Payment,16335.00,,16335.00,Bank Account,A,120367.30,
16-07-2025,16/07/2025 16/07/2025 Charges for PORD Customer Payment 5.60 :002938851397,Payment,5.60,,5.60,Bank Account,BANK CHARGES,120372.90,
15-07-2025,"15/07/2025 15/07/2025 BY CASH 1,00,000.00",Contra,,100000.00,100000.00,Bank Account,Cash,20372.90,
15-07-2025,15/07/2025 15/07/2025 NEFT-ICIN219603314860-RETAIL SCAN 543.97 MANAGEMENT SERVI,Receipt,,543.97,543.97,Bank Account,A,19828.93,
14-07-2025,"14/07/2025 14/07/2025 NEFT-BARBR25195811323-AGROWTH 7,222.00 MARKETING-HDFC BANK",Payment,7222.00,,7222.00,Bank Account,A,27050.93,
14-07-2025,14/07/2025 14/07/2025 Charges for PORD Customer Payment 2.65 :002934822370,Payment,2.65,,2.65,Bank Account,BANK CHARGES,27053.58,
14-07-2025,"14/07/2025 14/07/2025 NEFT-BARBR25195807621-RSPL LTD- 14,000.00 HDFC BANK LTD. (HDF",Payment,14000.00,,14000.00,Bank Account,A,41053.58,
14-07-2025,14/07/2025 14/07/2025 Charges for PORD Customer Payment 5.60 :002934815120,Payment,5.60,,5.60,Bank Account,BANK CHARGES,41059.18,
14-07-2025,"14/07/2025 14/07/2025 NEFT-BARBR25195612026-RSPL LTD- 1,00,000.00 HDFC BANK LTD. (HDF",Payment,100000.00,,100000.00,Bank Account,A,141059.18,
14-07-2025,14/07/2025 14/07/2025 Charges for PORD Customer Payment 5.60 :002934613130,Payment,5.60,,5.60,Bank Account,BANK CHARGES,141064.78,
14-07-2025,"14/07/2025 14/07/2025 NEFT-BARBR25195604395-RSPL LTD- 2,00,000.00 HDFC BANK LTD. (HDF",Payment,200000.00,,200000.00,Bank Account,A,341064.78,
14-07-2025,14/07/2025 14/07/2025 Charges for PORD Customer Payment 17.40 :002934613057 02/06/2026 15:23 Contact-Us@18005700 Page 12 of 19 *This is computer-generated statement.No signature is required.,Payment,17.40,,17.40,Bank Account,BANK CHARGES,341082.18,
14-07-2025,"14/07/2025 14/07/2025 BY CASH 2,00,000.00",Contra,,200000.00,200000.00,Bank Account,Cash,141082.18,
12-07-2025,"12/07/2025 12/07/2025 NEFT-BARBY25193549692-AADESH 23,799.00 ENTERPRISES-I.C.I.C.I",Payment,23799.00,,23799.00,Bank Account,A,164881.18,
12-07-2025,12/07/2025 12/07/2025 Charges for PORD Customer Payment 5.60 :002930000678,Payment,5.60,,5.60,Bank Account,BANK CHARGES,164886.78,
12-07-2025,"12/07/2025 12/07/2025 MBK/519341135339/13:01:58/siddhant to 20,168.00 m Inayat al",Payment,20168.00,,20168.00,Bank Account,A,185054.78,
12-07-2025,12/07/2025 12/07/2025 Chg Cash handling for:18-06-2025 48.00,Payment,48.00,,48.00,Bank Account,BANK CHARGES,185102.78,
09-07-2025,"09/07/2025 09/07/2025 NEFT-BARBS25190216333-SUNIL 11,369.00 ENTERPRISES-AU SMALL F",Payment,11369.00,,11369.00,Bank Account,A,196471.78,
09-07-2025,09/07/2025 09/07/2025 Charges for PORD Customer Payment 5.60 :002922594228,Payment,5.60,,5.60,Bank Account,BANK CHARGES,196477.38,
09-07-2025,"09/07/2025 09/07/2025 NEFT-BARBS25190215437-SHREE 30,061.00 KANTAJEET SONS-AXIS",Payment,30061.00,,30061.00,Bank Account,Axis Bank Ltd,226538.38,
09-07-2025,09/07/2025 09/07/2025 Charges for PORD Customer Payment 5.60 :002922593757,Payment,5.60,,5.60,Bank Account,BANK CHARGES,226543.98,
08-07-2025,"08/07/2025 08/07/2025 BY CASH 2,00,000.00",Contra,,200000.00,200000.00,Bank Account,Cash,26543.98,
08-07-2025,"08/07/2025 08/07/2025 NEFT-BARBQ25189124651-VICTOR 18,578.00 MARKETING-STATE BANK",Payment,18578.00,,18578.00,Bank Account,A,45121.98,
08-07-2025,08/07/2025 08/07/2025 Charges for PORD Customer Payment 5.60 :002920168011,Payment,5.60,,5.60,Bank Account,BANK CHARGES,45127.58,
08-07-2025,"08/07/2025 08/07/2025 NEFT-BARBP25189714354-HARSH 16,591.00 INDUSTRIES-KOTAK MAHIN",Payment,16591.00,,16591.00,Bank Account,A,61718.58,
08-07-2025,08/07/2025 08/07/2025 Charges for PORD Customer Payment 5.60 :002919728723,Payment,5.60,,5.60,Bank Account,BANK CHARGES,61724.18,
08-07-2025,"08/07/2025 08/07/2025 NEFT-BARBP25189714095-RAHUL 59,004.00 AGENCIES-AXIS BANK LT",Payment,59004.00,,59004.00,Bank Account,Axis Bank Ltd,120728.18,
08-07-2025,08/07/2025 08/07/2025 Charges for PORD Customer Payment 5.60 :002919728658,Payment,5.60,,5.60,Bank Account,BANK CHARGES,120733.78,
08-07-2025,"08/07/2025 08/07/2025 MBK/518987321772/09:43:36/SIDDHANT 52,526.00 AGENCIES BHABR",Payment,52526.00,,52526.00,Bank Account,A,173259.78,
08-07-2025,"08/07/2025 08/07/2025 NEFT-BARBP25189713393-KRISHNA 23,657.00 TRADERS-HDFC BANK LT",Payment,23657.00,,23657.00,Bank Account,A,196916.78,
08-07-2025,08/07/2025 08/07/2025 Charges for PORD Customer Payment 5.60 :002919724185,Payment,5.60,,5.60,Bank Account,BANK CHARGES,196922.38,
07-07-2025,"07/07/2025 07/07/2025 BY CASH 1,80,000.00",Contra,,180000.00,180000.00,Bank Account,Cash,16922.38,
04-07-2025,"04/07/2025 04/07/2025 NEFT-BARBS25185573230-INDORE 11,214.00 PROTEINS PVT LTD-HDFC",Payment,11214.00,,11214.00,Bank Account,A,28136.38,
04-07-2025,04/07/2025 04/07/2025 Charges for PORD Customer Payment 5.60 :002910262930,Payment,5.60,,5.60,Bank Account,BANK CHARGES,28141.98,
04-07-2025,"04/07/2025 04/07/2025 NEFT-BARBS25185229248-RIDIT 44,885.00 ENTERPRISES-HDFC BANK",Payment,44885.00,,44885.00,Bank Account,A,73026.98,
04-07-2025,04/07/2025 04/07/2025 Charges for PORD Customer Payment 5.60 :002909891472,Payment,5.60,,5.60,Bank Account,BANK CHARGES,73032.58,
04-07-2025,"04/07/2025 04/07/2025 NEFT-BARBS25185228488-JYOTI SELS 38,402.00 KUKSHI-HDFC BANK",Payment,38402.00,,38402.00,Bank Account,A,111434.58,
04-07-2025,04/07/2025 04/07/2025 Charges for PORD Customer Payment 5.60 :002909891403,Payment,5.60,,5.60,Bank Account,BANK CHARGES,111440.18,
04-07-2025,"04/07/2025 04/07/2025 NEFT-BARBS25185228463-PANKAJ 7,367.00 SALES-STATE BANK OF I",Payment,7367.00,,7367.00,Bank Account,Kirana Sales 1%,118807.18,
04-07-2025,04/07/2025 04/07/2025 Charges for PORD Customer Payment 2.65 :002909891376,Payment,2.65,,2.65,Bank Account,BANK CHARGES,118809.83,
04-07-2025,"04/07/2025 04/07/2025 NEFT-BARBS25185227789-AYEKART 5,833.00 RETAIL PRIVET LIMITE",Payment,5833.00,,5833.00,Bank Account,A,124642.83,
04-07-2025,04/07/2025 04/07/2025 Charges for PORD Customer Payment 2.65 :002909889491,Payment,2.65,,2.65,Bank Account,BANK CHARGES,124645.48,
04-07-2025,"04/07/2025 04/07/2025 NEFT-BARBS25185164995-AADESH 31,889.00 ENTERPRISES-I.C.I.C.I",Payment,31889.00,,31889.00,Bank Account,A,156534.48,
04-07-2025,04/07/2025 04/07/2025 Charges for PORD Customer Payment 5.60 :002909823952,Payment,5.60,,5.60,Bank Account,BANK CHARGES,156540.08,
04-07-2025,"04/07/2025 04/07/2025 NEFT-BARBS25185165184-AADESH 7,025.00 ENTERPRISES-I.C.I.C.I",Payment,7025.00,,7025.00,Bank Account,A,163565.08,
04-07-2025,04/07/2025 04/07/2025 Charges for PORD Customer Payment 2.65 :002909824110,Payment,2.65,,2.65,Bank Account,BANK CHARGES,163567.73,
03-07-2025,"03/07/2025 02/07/2025 EBANK:1462209886/mintifi/113833499340/ CCAVENUES I 50,452.07",Payment,50452.07,,50452.07,Bank Account,A,214019.80,
02-07-2025,"02/07/2025 02/07/2025 BY CASH 2,00,000.00",Contra,,200000.00,200000.00,Bank Account,Cash,14019.80,
29-06-2025,29/06/2025 29/06/2025 NEWCARDISSUE/8427/Issuance PLAT 354.00 MAY 25 02/06/2026 15:23 Contact-Us@18005700 Page 13 of 19 *This is computer-generated statement.No signature is required.,Payment,354.00,,354.00,Bank Account,Plot,14373.80,
29-06-2025,"29/06/2025 29/06/2025 EBANK:1461624829/mintifi/113827063403/ CCAVENUES I 50,000.00",Payment,50000.00,,50000.00,Bank Account,A,64373.80,
29-06-2025,"29/06/2025 29/06/2025 NEFT-BARBS25180417922-MAHARAJA 17,784.00 INDIA VINTRADE PVT",Payment,17784.00,,17784.00,Bank Account,A,82157.80,
29-06-2025,29/06/2025 29/06/2025 Charges for PORD Customer Payment 5.60 :002896951865,Payment,5.60,,5.60,Bank Account,BANK CHARGES,82163.40,
29-06-2025,"29/06/2025 29/06/2025 NEFT-BARBS25180417789-AADESH 32,089.00 ENTERPRISES PVT LT-I.",Payment,32089.00,,32089.00,Bank Account,A,114252.40,
29-06-2025,29/06/2025 29/06/2025 Charges for PORD Customer Payment 5.60 :002896940310,Payment,5.60,,5.60,Bank Account,BANK CHARGES,114258.00,
29-06-2025,"29/06/2025 29/06/2025 NEFT-BARBS25180417883-RIDDHI 3,230.00 MARKETING-HDFC BANK L",Payment,3230.00,,3230.00,Bank Account,A,117488.00,
29-06-2025,29/06/2025 29/06/2025 Charges for PORD Customer Payment 2.65 :002896951820,Payment,2.65,,2.65,Bank Account,BANK CHARGES,117490.65,
29-06-2025,"29/06/2025 29/06/2025 NEFT-BARBS25180417752-PINAKEAST 11,092.00 ENTERPRISES-PUNJAB",Payment,11092.00,,11092.00,Bank Account,A,128582.65,
29-06-2025,29/06/2025 29/06/2025 Charges for PORD Customer Payment 5.60 :002896951773,Payment,5.60,,5.60,Bank Account,BANK CHARGES,128588.25,
27-06-2025,"27/06/2025 27/06/2025 NEFT-SBIN525178461651-DILIP KIRANA 50,000.00 STORE",Receipt,,50000.00,50000.00,Bank Account,A,78588.25,
26-06-2025,"26/06/2025 26/06/2025 EBANK:1461359467/mintifi/113824102079/ CCAVENUES I 2,00,000.00",Payment,200000.00,,200000.00,Bank Account,A,278588.25,
26-06-2025,"26/06/2025 26/06/2025 BY CASH 2,00,000.00",Contra,,200000.00,200000.00,Bank Account,Cash,78588.25,
26-06-2025,26/06/2025 26/06/2025 MMSRE/BARB0000000029045581/SREGC 118.00 HARGE/110921313501,Payment,118.00,,118.00,Bank Account,A,78706.25,
26-06-2025,"26/06/2025 26/06/2025 NEFT-AXNFCN1002151154-RESILIENT 5,055.00 INNOVATIONS PRIVAT",Receipt,,5055.00,5055.00,Bank Account,A,73651.25,
24-06-2025,"24/06/2025 24/06/2025 NEFT-BARBU25175687031-PERFECT 35,714.00 TRADER-YES BANK LIMI",Payment,35714.00,,35714.00,Bank Account,A,109365.25,
24-06-2025,24/06/2025 24/06/2025 Charges for PORD Customer Payment 5.60 :002886907543,Payment,5.60,,5.60,Bank Account,BANK CHARGES,109370.85,
24-06-2025,"24/06/2025 24/06/2025 NEFT-BARBU25175685839-AADESH 50,000.00 ENTERPRISES PVT LT-I.",Payment,50000.00,,50000.00,Bank Account,A,159370.85,
24-06-2025,24/06/2025 24/06/2025 Charges for PORD Customer Payment 5.60 :002886906607,Payment,5.60,,5.60,Bank Account,BANK CHARGES,159376.45,
24-06-2025,"24/06/2025 24/06/2025 NEFT-BARBU25175670114-THE 30,868.00 DISTRIBUTION CHANNEL-HDF",Payment,30868.00,,30868.00,Bank Account,A,190244.45,
24-06-2025,24/06/2025 24/06/2025 Charges for PORD Customer Payment 5.60 :002886894592,Payment,5.60,,5.60,Bank Account,BANK CHARGES,190250.05,
24-06-2025,"24/06/2025 24/06/2025 MBK/517529449420/12:36:34/siddhant to 57,556.00 anisha mark",Payment,57556.00,,57556.00,Bank Account,Sarkk & Associates,247806.05,
24-06-2025,24/06/2025 24/06/2025 SMS Charges for MAY 25 1.18,Payment,1.18,,1.18,Bank Account,BANK CHARGES,247807.23,
23-06-2025,"23/06/2025 23/06/2025 BY CASH 2,00,000.00",Contra,,200000.00,200000.00,Bank Account,Cash,47807.23,
21-06-2025,"21/06/2025 21/06/2025 EBANK:1460695272/mintifi/113816670784/ CCAVENUES I 5,900.00",Payment,5900.00,,5900.00,Bank Account,A,53707.23,
20-06-2025,20/06/2025 20/06/2025 NEFT-ICIN217124844373-RETAIL SCAN 359.83 MANAGEMENT SERVI,Receipt,,359.83,359.83,Bank Account,A,53347.40,
20-06-2025,"20/06/2025 20/06/2025 MBK/517190399286/11:23:47/siddhant to 7,083.00 m Inayat al",Payment,7083.00,,7083.00,Bank Account,A,60430.40,
20-06-2025,"20/06/2025 20/06/2025 NEFT-BARBY25171970154-AGROWTH 32,178.00 MARKETING-HDFC BANK",Payment,32178.00,,32178.00,Bank Account,A,92608.40,
20-06-2025,20/06/2025 20/06/2025 Charges for PORD Customer Payment 5.60 :002879225795,Payment,5.60,,5.60,Bank Account,BANK CHARGES,92614.00,
20-06-2025,"20/06/2025 20/06/2025 NEFT-BARBY25171969688-KRISHNA 19,189.00 TRADERS-HDFC BANK LT",Payment,19189.00,,19189.00,Bank Account,A,111803.00,
20-06-2025,20/06/2025 20/06/2025 Charges for PORD Customer Payment 5.60 :002879225220,Payment,5.60,,5.60,Bank Account,BANK CHARGES,111808.60,
18-06-2025,"18/06/2025 18/06/2025 NEFT-BARBW25169149052-AADESH 31,460.00 ENTERPRISES PVT LT-I.",Payment,31460.00,,31460.00,Bank Account,A,143268.60,
18-06-2025,18/06/2025 18/06/2025 Charges for PORD Customer Payment 5.60 :002875998147,Payment,5.60,,5.60,Bank Account,BANK CHARGES,143274.20,
18-06-2025,"18/06/2025 18/06/2025 NEFT-BARBW25169148891-RSPL LTD- 5,000.00 HDFC BANK LTD. (HDF",Payment,5000.00,,5000.00,Bank Account,A,148274.20,
18-06-2025,18/06/2025 18/06/2025 Charges for PORD Customer Payment 2.65 :002875997878,Payment,2.65,,2.65,Bank Account,BANK CHARGES,148276.85,
18-06-2025,"18/06/2025 18/06/2025 NEFT-BARBW25169142484-RSPL LTD- 1,00,000.00 HDFC BANK LTD. (HDF",Payment,100000.00,,100000.00,Bank Account,A,248276.85,
18-06-2025,18/06/2025 18/06/2025 Charges for PORD Customer Payment 5.60 :002875991071 02/06/2026 15:23 Contact-Us@18005700 Page 14 of 19 *This is computer-generated statement.No signature is required.,Payment,5.60,,5.60,Bank Account,BANK CHARGES,248282.45,
18-06-2025,"18/06/2025 18/06/2025 NEFT-BARBW25169142357-RSPL LTD- 2,00,000.00 HDFC BANK LTD. (HDF",Payment,200000.00,,200000.00,Bank Account,A,448282.45,
18-06-2025,18/06/2025 18/06/2025 Charges for PORD Customer Payment 17.40 :002875990644,Payment,17.40,,17.40,Bank Account,BANK CHARGES,448299.85,
18-06-2025,"18/06/2025 18/06/2025 BY CASH 2,00,000.00",Contra,,200000.00,200000.00,Bank Account,Cash,248299.85,
17-06-2025,"17/06/2025 17/06/2025 BY CASH 2,19,000.00",Contra,,219000.00,219000.00,Bank Account,Cash,29299.85,
13-06-2025,13/06/2025 13/06/2025 NEFT-ICIN216419706059-RETAIL SCAN 436.42 MANAGEMENT SERVI,Receipt,,436.42,436.42,Bank Account,A,28863.43,
13-06-2025,"13/06/2025 13/06/2025 NEFT-BARBX25164434541-AADESH 39,506.00 ENTERPRISES-I.C.I.C.I",Payment,39506.00,,39506.00,Bank Account,A,68369.43,
13-06-2025,13/06/2025 13/06/2025 Charges for PORD Customer Payment 5.60 :002865711413,Payment,5.60,,5.60,Bank Account,BANK CHARGES,68375.03,
13-06-2025,"13/06/2025 13/06/2025 NEFT-BARBW25164886612-AYEKART 52,552.00 RETAIL PRIVET LIMITE",Payment,52552.00,,52552.00,Bank Account,A,120927.03,
13-06-2025,13/06/2025 13/06/2025 Charges for PORD Customer Payment 5.60 :002865134634,Payment,5.60,,5.60,Bank Account,BANK CHARGES,120932.63,
13-06-2025,"13/06/2025 13/06/2025 NEFT-BARBW25164878153-AADESH 12,509.00 ENTERPRISES-I.C.I.C.I",Payment,12509.00,,12509.00,Bank Account,A,133441.63,
13-06-2025,13/06/2025 13/06/2025 Charges for PORD Customer Payment 5.60 :002865128022,Payment,5.60,,5.60,Bank Account,BANK CHARGES,133447.23,
12-06-2025,"12/06/2025 12/06/2025 NEFT-BARBU25163794960-KRISHNA 27,821.00 TRADERS-HDFC BANK LT",Payment,27821.00,,27821.00,Bank Account,A,161268.23,
12-06-2025,12/06/2025 12/06/2025 Charges for PORD Customer Payment 5.60 :002862985255,Payment,5.60,,5.60,Bank Account,BANK CHARGES,161273.83,
12-06-2025,"12/06/2025 12/06/2025 NEFT-FBBT251633609965- 25,000.00 BHARATPEPPG",Receipt,,25000.00,25000.00,Bank Account,A,136273.83,
11-06-2025,"11/06/2025 11/06/2025 BY CASH 1,00,000.00",Contra,,100000.00,100000.00,Bank Account,Cash,36273.83,
06-06-2025,"06/06/2025 06/06/2025 NEFT-BARBR25157261314-AADESH 42,132.00 ENTERPRISES PVT LT-I.",Payment,42132.00,,42132.00,Bank Account,A,78405.83,
06-06-2025,06/06/2025 06/06/2025 Charges for PORD Customer Payment 5.60 :002846963351,Payment,5.60,,5.60,Bank Account,BANK CHARGES,78411.43,
06-06-2025,"06/06/2025 06/06/2025 NEFT-BARBR25157260888-JYOTI SELS 21,003.00 KUKSHI-HDFC BANK",Payment,21003.00,,21003.00,Bank Account,A,99414.43,
06-06-2025,06/06/2025 06/06/2025 Charges for PORD Customer Payment 5.60 :002846963423,Payment,5.60,,5.60,Bank Account,BANK CHARGES,99420.03,
06-06-2025,"06/06/2025 06/06/2025 NEFT-BARBR25157260952-HARSH 38,710.00 INDUSTRIES-KOTAK MAHIN",Payment,38710.00,,38710.00,Bank Account,A,138130.03,
06-06-2025,06/06/2025 06/06/2025 Charges for PORD Customer Payment 5.60 :002846963164,Payment,5.60,,5.60,Bank Account,BANK CHARGES,138135.63,
06-06-2025,"06/06/2025 06/06/2025 NEFT-BARBR25157260758-AADESH 45,152.00 ENTERPRISES PVT LT-I.",Payment,45152.00,,45152.00,Bank Account,A,183287.63,
06-06-2025,06/06/2025 06/06/2025 Charges for PORD Customer Payment 5.60 :002846962662,Payment,5.60,,5.60,Bank Account,BANK CHARGES,183293.23,
06-06-2025,"06/06/2025 06/06/2025 NEFT-BARBR25157260291-JYOTI SELS 49,007.00 KUKSHI-HDFC BANK",Payment,49007.00,,49007.00,Bank Account,A,232300.23,
06-06-2025,06/06/2025 06/06/2025 Charges for PORD Customer Payment 5.60 :002846962075,Payment,5.60,,5.60,Bank Account,BANK CHARGES,232305.83,
05-06-2025,"05/06/2025 05/06/2025 NEFT-BARBP25156989433-RSPL LTD- 80,000.00 HDFC BANK LTD. (HDF",Payment,80000.00,,80000.00,Bank Account,A,312305.83,
05-06-2025,05/06/2025 05/06/2025 Charges for PORD Customer Payment 5.60 :002845512261,Payment,5.60,,5.60,Bank Account,BANK CHARGES,312311.43,
05-06-2025,"05/06/2025 05/06/2025 NEFT-BARBP25156989466-RSPL LTD- 1,50,000.00 HDFC BANK LTD. (HDF",Payment,150000.00,,150000.00,Bank Account,A,462311.43,
05-06-2025,05/06/2025 05/06/2025 Charges for PORD Customer Payment 17.40 :002845512055,Payment,17.40,,17.40,Bank Account,BANK CHARGES,462328.83,
05-06-2025,"05/06/2025 05/06/2025 BY CASH 4,50,000.00",Contra,,450000.00,450000.00,Bank Account,Cash,12328.83,
03-06-2025,"03/06/2025 03/06/2025 NEFT-BARBW25154862441-PERFECT 45,000.00 TRADERS-YES BANK LIM",Payment,45000.00,,45000.00,Bank Account,A,57328.83,
03-06-2025,03/06/2025 03/06/2025 Charges for PORD Customer Payment 5.60 :002840858807,Payment,5.60,,5.60,Bank Account,BANK CHARGES,57334.43,
03-06-2025,"03/06/2025 03/06/2025 EBANK:WIB/1458087303/Siddhant to 68,622.00 anisha marketing",Payment,68622.00,,68622.00,Bank Account,A,125956.43,
31-05-2025,"31/05/2025 31/05/2025 NEFT-HDFCH00270410721-DEEPSAGAR 78,489.00 PROVISION",Receipt,,78489.00,78489.00,Bank Account,A,47467.43,
30-05-2025,"30/05/2025 30/05/2025 EBANK:WIB/1457462854/Siddhant to m 14,670.00 Inayat ali",Payment,14670.00,,14670.00,Bank Account,A,62137.43,
30-05-2025,"30/05/2025 30/05/2025 NEFT-BARBY25150698997-RIDDHI 10,271.00 MARKETING-HDFC BANK L",Payment,10271.00,,10271.00,Bank Account,A,72408.43,
30-05-2025,30/05/2025 30/05/2025 Charges for PORD Customer Payment 5.60 :002830561931,Payment,5.60,,5.60,Bank Account,BANK CHARGES,72414.03,
29-05-2025,"29/05/2025 29/05/2025 NEFT-BARBX25149211795-ATHARV 26,665.00 AGENCY-HDFC BANK LTD. 02/06/2026 15:23 Contact-Us@18005700 Page 15 of 19 *This is computer-generated statement.No signature is required.",Payment,26665.00,,26665.00,Bank Account,A,99079.03,
29-05-2025,29/05/2025 29/05/2025 Charges for PORD Customer Payment 5.60 :002828845224,Payment,5.60,,5.60,Bank Account,BANK CHARGES,99084.63,
28-05-2025,"28/05/2025 28/05/2025 NEFT-SBIN325148195975-DILIP KIRANA 50,000.00 STORE",Receipt,,50000.00,50000.00,Bank Account,A,49084.63,
28-05-2025,"28/05/2025 28/05/2025 NEFT-FBBT251488793404- 10,000.00 BHARATPEPPG",Receipt,,10000.00,10000.00,Bank Account,A,39084.63,
26-05-2025,"26/05/2025 26/05/2025 NEFT-BARBS25146079879-AADESH 28,495.00 ENTERPRISES PVT LT-I.",Payment,28495.00,,28495.00,Bank Account,A,67579.63,
26-05-2025,26/05/2025 26/05/2025 Charges for PORD Customer Payment 5.60 :002822897641,Payment,5.60,,5.60,Bank Account,BANK CHARGES,67585.23,
26-05-2025,"26/05/2025 26/05/2025 NEFT-BARBS25146079926-AADESH 50,000.00 ENTERPRISES PVT LT-I.",Payment,50000.00,,50000.00,Bank Account,A,117585.23,
26-05-2025,26/05/2025 26/05/2025 Charges for PORD Customer Payment 5.60 :002822897846,Payment,5.60,,5.60,Bank Account,BANK CHARGES,117590.83,
26-05-2025,"26/05/2025 26/05/2025 NEFT-BARBS25146079033-AGROTH 11,716.00 MARKETING-HDFC BANK L",Payment,11716.00,,11716.00,Bank Account,A,129306.83,
26-05-2025,26/05/2025 26/05/2025 Charges for PORD Customer Payment 5.60 :002822897415,Payment,5.60,,5.60,Bank Account,BANK CHARGES,129312.43,
26-05-2025,"26/05/2025 26/05/2025 NEFT-BARBS25146078974-PANKAJ 19,795.00 SALES AGENCIES-STATE",Payment,19795.00,,19795.00,Bank Account,Kirana Sales 1%,149107.43,
26-05-2025,26/05/2025 26/05/2025 Charges for PORD Customer Payment 5.60 :002822897336,Payment,5.60,,5.60,Bank Account,BANK CHARGES,149113.03,
26-05-2025,"26/05/2025 26/05/2025 NEFT-BARBS25146078928-THE 27,160.00 DISTRIBUTION CHENAL-HDFC",Payment,27160.00,,27160.00,Bank Account,A,176273.03,
26-05-2025,26/05/2025 26/05/2025 Charges for PORD Customer Payment 5.60 :002822897070,Payment,5.60,,5.60,Bank Account,BANK CHARGES,176278.63,
26-05-2025,"26/05/2025 26/05/2025 NEFT-BARBS25146079685-PERFECT 39,463.00 TRADERS-YES BANK LIM",Payment,39463.00,,39463.00,Bank Account,A,215741.63,
26-05-2025,26/05/2025 26/05/2025 Charges for PORD Customer Payment 5.60 :002822896818,Payment,5.60,,5.60,Bank Account,BANK CHARGES,215747.23,
26-05-2025,"26/05/2025 26/05/2025 NEFT-BARBS25146079619-RIDIT 84,222.00 ENTERPRISES-HDFC BANK",Payment,84222.00,,84222.00,Bank Account,A,299969.23,
26-05-2025,26/05/2025 26/05/2025 Charges for PORD Customer Payment 5.60 :002822896736,Payment,5.60,,5.60,Bank Account,BANK CHARGES,299974.83,
26-05-2025,"26/05/2025 26/05/2025 EBANK:WIB/1457008050/Siddhant to 34,698.00 anisha marketing",Payment,34698.00,,34698.00,Bank Account,A,334672.83,
23-05-2025,"23/05/2025 23/05/2025 BY CASH 1,50,000.00",Contra,,150000.00,150000.00,Bank Account,Cash,184672.83,
22-05-2025,"22/05/2025 22/05/2025 NEFT-BARBX25142263450-AADESH 32,025.00 ENTERPRISES-I.C.I.C.I",Payment,32025.00,,32025.00,Bank Account,A,216697.83,
22-05-2025,22/05/2025 22/05/2025 Charges for PORD Customer Payment 5.60 :002815558864,Payment,5.60,,5.60,Bank Account,BANK CHARGES,216703.43,
22-05-2025,22/05/2025 22/05/2025 SMS Charges for APR 25 1.89,Payment,1.89,,1.89,Bank Account,BANK CHARGES,216705.32,
19-05-2025,"19/05/2025 19/05/2025 NEFT-BARBP25139029429-AADESH 26,902.00 ENTERPRISES-I.C.I.C.I",Payment,26902.00,,26902.00,Bank Account,A,243607.32,
19-05-2025,19/05/2025 19/05/2025 Charges for PORD Customer Payment 5.60 :002806903860,Payment,5.60,,5.60,Bank Account,BANK CHARGES,243612.92,
19-05-2025,19/05/2025 19/05/2025 NEFT-ICIN213944645258-RETAIL SCAN 282.00 MANAGEMENT SERVI,Receipt,,282.00,282.00,Bank Account,A,243330.92,
17-05-2025,"17/05/2025 17/05/2025 BY CASH 1,00,000.00",Contra,,100000.00,100000.00,Bank Account,Cash,143330.92,
15-05-2025,"15/05/2025 15/05/2025 NEFT-FBBT251354201059- 5,000.00 BHARATPEPPG",Receipt,,5000.00,5000.00,Bank Account,A,138330.92,
13-05-2025,"13/05/2025 13/05/2025 NEFT-BARBP25133270495-RSPL LTD- 2,00,000.00 HDFC BANK LTD. (HDF",Payment,200000.00,,200000.00,Bank Account,A,338330.92,
13-05-2025,13/05/2025 13/05/2025 Charges for PORD Customer Payment 17.40 :002794713897,Payment,17.40,,17.40,Bank Account,BANK CHARGES,338348.32,
13-05-2025,"13/05/2025 13/05/2025 NEFT-BARBP25133270468-RSPL LTD- 2,00,000.00 HDFC BANK LTD. (HDF",Payment,200000.00,,200000.00,Bank Account,A,538348.32,
13-05-2025,13/05/2025 13/05/2025 Charges for PORD Customer Payment 17.40 :002794713668,Payment,17.40,,17.40,Bank Account,BANK CHARGES,538365.72,
13-05-2025,"13/05/2025 13/05/2025 BY CASH 2,00,000.00",Contra,,200000.00,200000.00,Bank Account,Cash,338365.72,
13-05-2025,"13/05/2025 13/05/2025 BY CASH 3,00,000.00",Contra,,300000.00,300000.00,Bank Account,Cash,38365.72,
10-05-2025,"10/05/2025 10/05/2025 NEFT-FBBT251302207755- 5,000.00 BHARATPEPPG",Receipt,,5000.00,5000.00,Bank Account,A,33365.72,
08-05-2025,"08/05/2025 08/05/2025 NEFT-BARBQ25128554019-RIDIT 26,902.00 ENTERPRISES-HDFC BANK",Payment,26902.00,,26902.00,Bank Account,A,60267.72,
08-05-2025,08/05/2025 08/05/2025 Charges for PORD Customer Payment 5.60 :002783692859,Payment,5.60,,5.60,Bank Account,BANK CHARGES,60273.32,
08-05-2025,"08/05/2025 08/05/2025 NEFT-BARBQ25128553208-ATHARV 20,951.00 AGENCY-HDFC BANK LTD.",Payment,20951.00,,20951.00,Bank Account,A,81224.32,
08-05-2025,08/05/2025 08/05/2025 Charges for PORD Customer Payment 5.60 :002783692730 02/06/2026 15:23 Contact-Us@18005700 Page 16 of 19 *This is computer-generated statement.No signature is required.,Payment,5.60,,5.60,Bank Account,BANK CHARGES,81229.92,
08-05-2025,"08/05/2025 08/05/2025 MBK/512835569330/15:48:43/SIDDHANT 1,20,149.00 AGENCIES BHABR",Payment,120149.00,,120149.00,Bank Account,A,201378.92,
08-05-2025,"08/05/2025 08/05/2025 NEFT-BARBQ25128552452-AADESH 78,563.00 ENTERPRISES PVT LT-I.",Payment,78563.00,,78563.00,Bank Account,A,279941.92,
08-05-2025,08/05/2025 08/05/2025 Charges for PORD Customer Payment 5.60 :002783690559,Payment,5.60,,5.60,Bank Account,BANK CHARGES,279947.52,
07-05-2025,"07/05/2025 07/05/2025 BY CASH 2,00,000.00",Contra,,200000.00,200000.00,Bank Account,Cash,79947.52,
03-05-2025,"03/05/2025 03/05/2025 NEFT-BARBQ25123817518-PINAKEAST 12,908.00 ENTERPRISES-PUNJAB",Payment,12908.00,,12908.00,Bank Account,A,92855.52,
03-05-2025,03/05/2025 03/05/2025 Charges for PORD Customer Payment 5.60 :002770802264,Payment,5.60,,5.60,Bank Account,BANK CHARGES,92861.12,
03-05-2025,"03/05/2025 03/05/2025 MBK/512373085556/13:29:49/Ashok 5,000.00 Kumar jain",Receipt,,5000.00,5000.00,Bank Account,A,87861.12,
02-05-2025,"02/05/2025 02/05/2025 NEFT-SBIN525122469649-DILIP KIRANA 46,776.00 STORE",Receipt,,46776.00,46776.00,Bank Account,A,41085.12,
01-05-2025,"01/05/2025 01/05/2025 NEFT-BARBY25121519725-KULDEEP 10,874.00 ENTERPRISES-UNION BA",Payment,10874.00,,10874.00,Bank Account,A,51959.12,
01-05-2025,01/05/2025 01/05/2025 Charges for PORD Customer Payment 5.60 :002766417965,Payment,5.60,,5.60,Bank Account,BANK CHARGES,51964.72,
01-05-2025,"01/05/2025 01/05/2025 NEFT-BARBX25121605584-KRISHNA 3,480.00 TRADERS-HDFC BANK LT",Payment,3480.00,,3480.00,Bank Account,A,55444.72,
01-05-2025,01/05/2025 01/05/2025 Charges for PORD Customer Payment 2.65 :002765517902,Payment,2.65,,2.65,Bank Account,BANK CHARGES,55447.37,
01-05-2025,"01/05/2025 01/05/2025 NEFT-BARBX25121631092-SUNIL 16,920.00 ENTERPRISES-AU SMALL F",Payment,16920.00,,16920.00,Bank Account,A,72367.37,
01-05-2025,01/05/2025 01/05/2025 Charges for PORD Customer Payment 5.60 :002765500227,Payment,5.60,,5.60,Bank Account,BANK CHARGES,72372.97,
01-05-2025,"01/05/2025 01/05/2025 MBK/512142577729/09:43:52/SIDDHANT 38,848.00 to m inayat al",Payment,38848.00,,38848.00,Bank Account,A,111220.97,
01-05-2025,"01/05/2025 01/05/2025 NEFT-BARBX25121614902-AADESH 20,061.00 ENTERPRISES PVT LT-I.",Payment,20061.00,,20061.00,Bank Account,A,131281.97,
01-05-2025,01/05/2025 01/05/2025 Charges for PORD Customer Payment 5.60 :002765500123,Payment,5.60,,5.60,Bank Account,BANK CHARGES,131287.57,
30-04-2025,"30/04/2025 30/04/2025 BY CASH 50,000.00",Contra,,50000.00,50000.00,Bank Account,Cash,81287.57,
30-04-2025,"30/04/2025 30/04/2025 NEFT-ICIN212026734161-RETAIL SCAN 1,137.52 MANAGEMENT SERVI",Receipt,,1137.52,1137.52,Bank Account,A,80150.05,
29-04-2025,"29/04/2025 29/04/2025 NEFT-HDFCH00207868361-DEEPSAGAR 69,514.00 PROVISION",Receipt,,69514.00,69514.00,Bank Account,A,10636.05,
29-04-2025,"29/04/2025 29/04/2025 NEFT-BARBT25119632829-RSPL LTD- 1,00,000.00 HDFC BANK LTD. (HDF",Payment,100000.00,,100000.00,Bank Account,A,110636.05,
29-04-2025,29/04/2025 29/04/2025 Charges for PORD Customer Payment 5.60 :002761146043,Payment,5.60,,5.60,Bank Account,BANK CHARGES,110641.65,
29-04-2025,"29/04/2025 29/04/2025 NEFT-BARBT25119632795-RSPL LTD- 1,50,000.00 HDFC BANK LTD. (HDF",Payment,150000.00,,150000.00,Bank Account,A,260641.65,
29-04-2025,29/04/2025 29/04/2025 Charges for PORD Customer Payment 17.40 :002761145999,Payment,17.40,,17.40,Bank Account,BANK CHARGES,260659.05,
29-04-2025,"29/04/2025 29/04/2025 BY CASH 2,50,000.00",Contra,,250000.00,250000.00,Bank Account,Cash,10659.05,
28-04-2025,"28/04/2025 28/04/2025 NEFT-BARBR25118616192-RSPL LTD- 2,00,000.00 HDFC BANK LTD. (HDF",Payment,200000.00,,200000.00,Bank Account,A,210659.05,
28-04-2025,28/04/2025 28/04/2025 Charges for PORD Customer Payment 17.40 :002759000711,Payment,17.40,,17.40,Bank Account,BANK CHARGES,210676.45,
28-04-2025,"28/04/2025 28/04/2025 BY CASH 2,00,000.00",Contra,,200000.00,200000.00,Bank Account,Cash,10676.45,
26-04-2025,"26/04/2025 26/04/2025 NEFT-BARBZ25116233958-INDORE 19,386.00 PROTEINS PVT LTD-HDFC",Payment,19386.00,,19386.00,Bank Account,A,30062.45,
26-04-2025,26/04/2025 26/04/2025 Charges for PORD Customer Payment 5.60 :002755001127,Payment,5.60,,5.60,Bank Account,BANK CHARGES,30068.05,
25-04-2025,"25/04/2025 25/04/2025 NEFT-BARBY25115034839-AADESH 30,000.00 ENTERPRISES PVT LT-I.",Payment,30000.00,,30000.00,Bank Account,A,60068.05,
25-04-2025,25/04/2025 25/04/2025 Charges for PORD Customer Payment 5.60 :002753627265,Payment,5.60,,5.60,Bank Account,BANK CHARGES,60073.65,
24-04-2025,"24/04/2025 24/04/2025 NEFT-BARBV25114893309-RSPL LTD- 1,20,000.00 HDFC BANK LTD. (HDF",Payment,120000.00,,120000.00,Bank Account,A,180073.65,
24-04-2025,24/04/2025 24/04/2025 Charges for PORD Customer Payment 17.40 :002751298889,Payment,17.40,,17.40,Bank Account,BANK CHARGES,180091.05,
24-04-2025,"24/04/2025 24/04/2025 BY CASH 1,00,000.00",Contra,,100000.00,100000.00,Bank Account,Cash,80091.05,
23-04-2025,"23/04/2025 23/04/2025 NEFT-BARBT25113036689-KRISHNA 19,413.00 TRADERS-HDFC BANK LT",Payment,19413.00,,19413.00,Bank Account,A,99504.05,
23-04-2025,23/04/2025 23/04/2025 Charges for PORD Customer Payment 5.60 :002748329694,Payment,5.60,,5.60,Bank Account,BANK CHARGES,99509.65,
23-04-2025,"23/04/2025 23/04/2025 MBK/511364127989/13:26:43/Ashok 5,000.00 Kumar jain 02/06/2026 15:23 Contact-Us@18005700 Page 17 of 19 *This is computer-generated statement.No signature is required.",Receipt,,5000.00,5000.00,Bank Account,A,94509.65,
23-04-2025,"23/04/2025 23/04/2025 NEFT-BARBS25113929431-AADESH 60,815.00 ENTERPRISES-I.C.I.C.I",Payment,60815.00,,60815.00,Bank Account,A,155324.65,
23-04-2025,23/04/2025 23/04/2025 Charges for PORD Customer Payment 5.60 :002748215432,Payment,5.60,,5.60,Bank Account,BANK CHARGES,155330.25,
23-04-2025,"23/04/2025 23/04/2025 NEFT-BARBS25113928392-SUBHASH 29,610.00 STORE-BANK OF INDIA",Payment,29610.00,,29610.00,Bank Account,A,184940.25,
23-04-2025,23/04/2025 23/04/2025 Charges for PORD Customer Payment 5.60 :002748214303,Payment,5.60,,5.60,Bank Account,BANK CHARGES,184945.85,
23-04-2025,"23/04/2025 23/04/2025 NEFT-BARBS25113927841-PERFECT 57,403.00 TRADER-YES BANK LIMI",Payment,57403.00,,57403.00,Bank Account,A,242348.85,
23-04-2025,23/04/2025 23/04/2025 Charges for PORD Customer Payment 5.60 :002748211934,Payment,5.60,,5.60,Bank Account,BANK CHARGES,242354.45,
22-04-2025,"22/04/2025 22/04/2025 BY CASH 2,00,000.00",Contra,,200000.00,200000.00,Bank Account,Cash,42354.45,
21-04-2025,"21/04/2025 21/04/2025 NEFT-BARBZ25111455327-AADESH 53,909.00 ENTERPRISES PVT LT-I.",Payment,53909.00,,53909.00,Bank Account,A,96263.45,
21-04-2025,21/04/2025 21/04/2025 Charges for PORD Customer Payment 5.60 :002743411944,Payment,5.60,,5.60,Bank Account,BANK CHARGES,96269.05,
19-04-2025,"19/04/2025 19/04/2025 NEFT-SBIN225109834134-DILIP KIRANA 50,000.00 STORE",Receipt,,50000.00,50000.00,Bank Account,A,46269.05,
19-04-2025,"19/04/2025 19/04/2025 MBK/510922677898/10:28:59/Ashok 5,000.00 Kumar jain",Receipt,,5000.00,5000.00,Bank Account,A,41269.05,
17-04-2025,"17/04/2025 17/04/2025 NEFT-BARBT25107820315-RSPL LTD- 1,43,000.00 HDFC BANK LTD. (HDF",Payment,143000.00,,143000.00,Bank Account,A,184269.05,
17-04-2025,17/04/2025 17/04/2025 Charges for PORD Customer Payment 17.40 :002737066307,Payment,17.40,,17.40,Bank Account,BANK CHARGES,184286.45,
17-04-2025,"17/04/2025 17/04/2025 NEFT-BARBT25107620909-RSPL LTD- 2,00,000.00 HDFC BANK LTD. (HDF",Payment,200000.00,,200000.00,Bank Account,A,384286.45,
17-04-2025,17/04/2025 17/04/2025 Charges for PORD Customer Payment 17.40 :002736863088,Payment,17.40,,17.40,Bank Account,BANK CHARGES,384303.85,
17-04-2025,"17/04/2025 17/04/2025 BY CASH 2,50,000.00",Contra,,250000.00,250000.00,Bank Account,Cash,134303.85,
17-04-2025,"17/04/2025 17/04/2025 MBK/510703191358/11:21:39/SIDDHANT 10,700.00 to Anisha mark",Payment,10700.00,,10700.00,Bank Account,Sarkk & Associates,145003.85,
17-04-2025,"17/04/2025 17/04/2025 NEFT-FBBT251073210379- 3,290.00 BHARATPEPPG",Receipt,,3290.00,3290.00,Bank Account,A,141713.85,
14-04-2025,"14/04/2025 14/04/2025 NEFT-BARBX25104572330-KRISHNA 29,497.00 TRADERS-HDFC BANK LT",Payment,29497.00,,29497.00,Bank Account,A,171210.85,
14-04-2025,14/04/2025 14/04/2025 Charges for PORD Customer Payment 5.60 :002729391323,Payment,5.60,,5.60,Bank Account,BANK CHARGES,171216.45,
12-04-2025,12/04/2025 12/04/2025 NEFT-UNBAHc8b7cb1524b-Bharat Pe 10.00,Receipt,,10.00,10.00,Bank Account,A,171206.45,
11-04-2025,"11/04/2025 11/04/2025 NEFT-BARBT25101349972-PINAKEAST 15,380.00 ENTERPRISES-PUNJAB",Payment,15380.00,,15380.00,Bank Account,A,186586.45,
11-04-2025,11/04/2025 11/04/2025 Charges for PORD Customer Payment 5.60 :002724708773,Payment,5.60,,5.60,Bank Account,BANK CHARGES,186592.05,
11-04-2025,"11/04/2025 11/04/2025 NEFT-BARBS25101068510-VICTOR 17,962.00 MARKETING-STATE BANK",Payment,17962.00,,17962.00,Bank Account,A,204554.05,
11-04-2025,11/04/2025 11/04/2025 Charges for PORD Customer Payment 5.60 :002723380735,Payment,5.60,,5.60,Bank Account,BANK CHARGES,204559.65,
11-04-2025,11/04/2025 11/04/2025 Chg Cash handling for:29-03-2025 107.00,Payment,107.00,,107.00,Bank Account,BANK CHARGES,204666.65,
10-04-2025,10/04/2025 10/04/2025 IMPS/P2A/510016710483/BigCity 1.00 9220/IMPSAXB9163,Receipt,,1.00,1.00,Bank Account,A,204665.65,
10-04-2025,"10/04/2025 10/04/2025 MBK/510031687963/15:29:41/SIDDHANT 47,848.00 To ANISHA MARK",Payment,47848.00,,47848.00,Bank Account,Sarkk & Associates,252513.65,
10-04-2025,"10/04/2025 10/04/2025 NEFT-BARBQ25100589672-AADESH 80,000.00 ENTERPRISES PVT LT-I.",Payment,80000.00,,80000.00,Bank Account,A,332513.65,
10-04-2025,10/04/2025 10/04/2025 Charges for PORD Customer Payment 5.60 :002721736349,Payment,5.60,,5.60,Bank Account,BANK CHARGES,332519.25,
10-04-2025,"10/04/2025 10/04/2025 NEFT-BARBQ25100589189-AADESH 39,581.00 ENTERPRISES-I.C.I.C.I",Payment,39581.00,,39581.00,Bank Account,A,372100.25,
10-04-2025,10/04/2025 10/04/2025 Charges for PORD Customer Payment 5.60 :002721735857,Payment,5.60,,5.60,Bank Account,BANK CHARGES,372105.85,
10-04-2025,"10/04/2025 10/04/2025 NEFT-BARBQ25100588916-RIDDHI 12,519.00 MARKETING-HDFC BANK L",Payment,12519.00,,12519.00,Bank Account,A,384624.85,
10-04-2025,10/04/2025 10/04/2025 Charges for PORD Customer Payment 5.60 :002721735548,Payment,5.60,,5.60,Bank Account,BANK CHARGES,384630.45,
10-04-2025,10/04/2025 10/04/2025 SMS Charges for MAR 25 1.18,Payment,1.18,,1.18,Bank Account,BANK CHARGES,384631.63,
09-04-2025,09/04/2025 09/04/2025 IMPS/P2A/509918116080/ETAIL SCAN 1.00 MANA/RETAIL SCAN,Receipt,,1.00,1.00,Bank Account,A,384630.63,
09-04-2025,09/04/2025 09/04/2025 NEFT-YESCB50990128383-RESILIENT 550.00 INNOVATIONS PVT LT,Receipt,,550.00,550.00,Bank Account,A,384080.63,
08-04-2025,"08/04/2025 08/04/2025 NEFT-AXOMB09854874420-ARIHANT 1,35,000.00 ENTERPRISES 02/06/2026 15:23 Contact-Us@18005700 Page 18 of 19 *This is computer-generated statement.No signature is required.",Receipt,,135000.00,135000.00,Bank Account,A,249080.63,
08-04-2025,"08/04/2025 08/04/2025 BY CASH 2,00,000.00",Contra,,200000.00,200000.00,Bank Account,Cash,49080.63,
08-04-2025,"08/04/2025 08/04/2025 NEFT-FBBT250989641121- 2,175.00 BHARATPEPPG",Receipt,,2175.00,2175.00,Bank Account,A,46905.63,
07-04-2025,"07/04/2025 07/04/2025 NEFT-FBBT250979298007- 4,675.00 BHARATPEPPG",Receipt,,4675.00,4675.00,Bank Account,A,42230.63,
06-04-2025,06/04/2025 06/04/2025 NEFT-AXOMB09636714284-ARIHANT 100.00 ENTERPRISES,Receipt,,100.00,100.00,Bank Account,A,42130.63,
06-04-2025,"06/04/2025 06/04/2025 NEFT-FBBT250968979550- 1,304.00 BHARATPEPPG",Receipt,,1304.00,1304.00,Bank Account,A,40826.63,
05-04-2025,"05/04/2025 05/04/2025 NEFT-FBBT250958514253- 1,395.00 BHARATPEPPG",Receipt,,1395.00,1395.00,Bank Account,A,39431.63,
04-04-2025,"04/04/2025 04/04/2025 NEFT-FBBT250947997198- 3,715.00 BHARATPEPPG",Receipt,,3715.00,3715.00,Bank Account,A,35716.63,
03-04-2025,"03/04/2025 03/04/2025 NEFT-FBBT250937735894- 2,760.00 BHARATPEPPG",Receipt,,2760.00,2760.00,Bank Account,A,32956.63,
02-04-2025,"02/04/2025 02/04/2025 NEFT-YESAP50921107506-RESILIENT 9,486.00 INNOVATIONS PVT LT",Receipt,,9486.00,9486.00,Bank Account,A,23470.63,
02-04-2025,"02/04/2025 01/04/2025 MBK/509117427277/17:46:29/Ashok 5,000.00 Kumar jain",Receipt,,5000.00,5000.00,Bank Account,A,18470.63,
02-04-2025,02/04/2025 01/04/2025 UPI/509172410605/06:56:01/UPI/12club@y 270.00 esbank/BP11 02/06/2026 15:23 Contact-Us@18005700 Page 19 of 19 *This is computer-generated statement.No signature is required.,Receipt,,270.00,270.00,Bank Account,A,18470.63,
